timestamp,price_usd,ma_6,volatility_12
2025-05-18 02:18:32,103628,,
2025-05-18 02:18:32,103628,,
2025-05-18 02:19:43,103628,,
2025-05-18 02:19:43,103629,,
2025-05-18 02:19:53,103629,,
2025-05-18 02:19:53,103629,103628.5,
2025-05-18 02:20:03,103629,103628.66666666667,
2025-05-18 02:20:03,103629,103628.83333333333,
2025-05-18 02:21:14,103627,103628.66666666667,
2025-05-18 02:21:14,103627,103628.33333333333,
2025-05-18 02:21:24,103627,103628.0,
2025-05-18 02:21:24,103624,103627.16666666667,1.4668044012425965
2025-05-18 02:21:34,103624,103626.33333333333,1.8340219092540908
2025-05-18 02:22:35,103607,103622.66666666667,6.180982563842968
2025-05-18 02:22:35,103607,103619.33333333333,8.146387933533735
2025-05-18 02:26:56,103604,103615.5,9.783644360344258
2025-05-18 02:27:06,103604,103611.66666666667,10.75202588380882
2025-05-18 02:27:16,103604,103608.33333333333,11.225984467868306
2025-05-18 02:27:26,103604,103605.0,11.26808310982276
2025-05-18 02:27:36,103595,103603.0,11.869237038626835
2025-05-18 02:27:46,103595,103601.0,11.991158358906295
2025-05-18 02:28:57,103595,103599.5,11.45346315236089
2025-05-18 02:29:07,103588,103596.83333333333,10.938879783139617
2025-05-18 02:29:17,103588,103594.16666666667,9.918990051282034
2025-05-18 02:29:27,103588,103591.5,7.58137670403862
2025-05-18 02:29:37,103588,103590.33333333333,7.571877794489688
2025-05-18 02:29:47,103586,103588.83333333333,7.391128999024076
2025-05-18 02:30:58,103583,103586.83333333333,7.5297390192797256
2025-05-18 02:31:08,103583,103586.0,7.216878364978795
2025-05-18 02:31:18,103583,103585.16666666667,6.386538874031916
2025-05-18 02:31:28,103583,103584.33333333333,4.776045023063451
2025-05-18 02:31:38,103583,103583.5,4.399552319023762
2025-05-18 02:31:49,103583,103583.0,3.7040109302625894
2025-05-18 02:32:59,103573,103581.33333333333,4.209477042527302
2025-05-18 02:33:09,103573,103579.66666666667,5.078176719036835
2025-05-18 02:33:19,103573,103578.0,5.517877281970403
2025-05-18 02:33:30,103573,103576.33333333333,5.630006189953658
2025-05-18 02:33:40,103573,103574.66666666667,5.434876152208418
2025-05-18 02:33:50,103566,103571.83333333333,6.141636343167238
2025-05-18 02:34:00,103566,103570.66666666667,6.674238124875925
2025-05-18 02:35:10,103562,103568.83333333333,7.387027942303598
2025-05-18 02:35:21,103562,103567.0,7.609802291215416
2025-05-18 02:35:31,103562,103565.16666666667,7.3870279423180145
2025-05-18 02:35:41,103562,103563.33333333333,6.674238124907837
2025-05-18 02:35:51,103558,103562.0,5.743903223861612
2025-05-18 02:36:01,103558,103560.66666666667,5.928871322121491
2025-05-18 02:37:12,103557,103559.83333333333,5.928871322130863
2025-05-18 02:37:22,103557,103559.0,5.592202363623583
2025-05-18 02:37:32,103557,103558.16666666667,4.849242365387496
2025-05-18 02:37:42,103557,103557.33333333333,3.4465617478925465
2025-05-18 02:37:52,103550,103556.0,4.089898865573562
2025-05-18 02:38:02,103550,103554.66666666667,4.206776640182523
2025-05-18 02:38:12,103550,103553.5,4.499158170800795
2025-05-18 02:39:23,103534,103549.66666666667,7.643575238578293
2025-05-18 02:39:33,103534,103545.83333333333,9.204741861181391
2025-05-18 02:39:43,103534,103542.0,9.957485383136808
2025-05-18 02:39:53,103518,103536.66666666667,13.110255065517594
2025-05-18 02:40:03,103518,103531.33333333333,14.844650092475023
2025-05-18 02:40:14,103518,103526.0,15.742963796423808
2025-05-18 02:40:24,103518,103523.33333333333,15.88309564529358
2025-05-18 02:40:34,103518,103520.66666666667,15.285911517280159
2025-05-18 02:41:45,103515,103517.5,14.117204204469951
2025-05-18 02:41:55,103512,103516.5,13.405957518026224
2025-05-18 02:42:05,103512,103515.5,11.758620306853377
2025-05-18 02:42:15,103512,103514.5,8.65631666400441
2025-05-18 02:42:25,103512,103513.5,7.763063282037098
2025-05-18 02:42:35,103512,103512.5,6.185883245016323
2025-05-18 02:42:45,103512,103512.0,2.9886147606688547
2025-05-18 02:43:56,103504,103510.66666666667,4.12218682841076
2025-05-18 02:44:06,103504,103509.33333333333,4.699290727253073
2025-05-18 02:44:16,103504,103508.0,4.919811526927214
2025-05-18 02:44:26,103504,103506.66666666667,4.83281083967066
2025-05-18 02:44:36,103504,103505.33333333333,4.420167281209926
2025-05-18 02:44:46,103504,103504.0,4.177863743657015
2025-05-18 02:45:57,103507,103504.5,3.9876703922901604
2025-05-18 02:46:07,103507,103505.0,3.7376057812102004
2025-05-18 02:46:17,103507,103505.5,3.4145410987620184
2025-05-18 02:46:27,103507,103506.0,2.9949452375191368
2025-05-18 02:46:38,103507,103506.5,2.4293034305234187
2025-05-18 02:46:48,103507,103507.0,1.566698905525771
2025-05-18 02:47:58,103495,103505.0,3.414541098760429
2025-05-18 02:48:08,103495,103503.0,4.431293675936276
2025-05-18 02:48:19,103485,103499.33333333333,7.051219538188735
2025-05-18 02:48:29,103485,103495.66666666667,8.621678104603504
2025-05-18 02:48:39,103485,103492.0,9.668364532504327
2025-05-18 02:48:49,103485,103488.33333333333,10.35140160353455
2025-05-18 02:50:00,103477,103485.33333333333,11.456108599721071
2025-05-18 02:50:10,103474,103481.83333333333,12.287897470626328
2025-05-18 02:50:20,103474,103480.0,12.419437356363884
2025-05-18 02:50:30,103474,103478.16666666667,11.874023086076116
2025-05-18 02:50:40,103474,103476.33333333333,10.547152423696664
2025-05-18 02:51:51,103468,103473.5,8.722576072447021
2025-05-18 02:52:01,103468,103472.0,8.227816824849864
2025-05-18 02:52:11,103465,103470.5,7.321615983674634
2025-05-18 02:52:21,103468,103469.5,7.098335272634837
2025-05-18 02:52:31,103465,103468.0,6.815201369246249
2025-05-18 02:52:41,103465,103466.5,6.037132572954152
2025-05-18 02:53:52,103463,103465.66666666667,4.7378233085988315
2025-05-18 02:54:02,103463,103464.83333333333,4.461111426327184
2025-05-18 02:54:12,103459,103463.83333333333,4.839859753225682
2025-05-18 02:54:22,103459,103462.33333333333,4.851585183687536
2025-05-18 02:54:32,103463,103462.0,4.177863743742694
2025-05-18 02:54:42,103459,103461.0,3.414541098869631
2025-05-18 02:55:53,103451,103459.0,4.754583116622483
2025-05-18 02:56:03,103451,103457.0,5.401318582631163
2025-05-18 02:56:13,103447,103455.0,6.542981435664499
2025-05-18 02:56:23,103447,103453.0,6.840166576534464
2025-05-18 02:56:33,103451,103451.0,6.667424199899793
2025-05-18 02:56:43,103447,103449.0,6.605782591278455
2025-05-18 02:57:54,103445,103448.0,6.667424199899793
2025-05-18 02:58:04,103445,103447.0,6.353238258597442
2025-05-18 02:58:14,103445,103446.66666666667,6.235285710025672
2025-05-18 02:58:24,103446,103446.5,5.801645535184922
2025-05-18 02:58:35,103446,103445.66666666667,4.09730140393365
2025-05-18 02:58:45,103446,103445.5,2.378884384716161
2025-05-18 02:59:55,103446,103445.66666666667,2.0816660010853405
2025-05-18 03:00:05,103446,103445.83333333333,1.6213537200482022
2025-05-18 03:00:15,103446,103446.0,1.614329772006271
2025-05-18 03:00:26,103446,103446.0,1.6025547806256606
2025-05-18 03:00:36,103446,103446.0,0.5773502750112361
2025-05-18 03:00:46,103446,103446.0,0.4522670242969838
2025-05-18 03:01:56,103454,103447.33333333333,2.393172107057428
2025-05-18 03:02:07,103454,103448.66666666667,3.1658691191281516
2025-05-18 03:02:17,103458,103450.66666666667,4.3344986785794335
2025-05-18 03:02:27,103458,103452.66666666667,5.069217859167402
2025-05-18 03:02:37,103458,103454.66666666667,5.515817476221484
2025-05-18 03:02:47,103458,103456.66666666667,5.74192450111094
2025-05-18 03:03:58,103459,103457.5,5.869154087579016
2025-05-18 03:04:08,103459,103458.33333333333,5.776126415725509
2025-05-18 03:04:18,103464,103459.33333333333,5.984829306256375
2025-05-18 03:04:28,103464,103460.33333333333,5.77612641573341
2025-05-18 03:04:38,103464,103461.33333333333,5.099019514273754
2025-05-18 03:04:48,103464,103462.33333333333,3.7050334322727716
2025-05-18 03:05:59,103472,103464.5,4.76731294696547
2025-05-18 03:06:09,103472,103466.66666666667,5.178627407455895
2025-05-18 03:06:19,103477,103468.83333333333,6.430867796276855
2025-05-18 03:06:29,103477,103471.0,7.101002917296354
2025-05-18 03:06:39,103477,103473.16666666667,7.350015461210616
2025-05-18 03:06:49,103477,103475.33333333333,7.221600595360235
2025-05-18 03:07:00,103477,103476.16666666667,6.853444168967498
2025-05-18 03:08:10,103478,103477.16666666667,6.1564206450688355
2025-05-18 03:08:20,103478,103477.33333333333,5.838093296691163
2025-05-18 03:08:30,103483,103478.33333333333,5.726070100464394
2025-05-18 03:08:41,103483,103479.33333333333,5.101247619976663
2025-05-18 03:08:51,103483,103480.33333333333,3.7132033065166286
2025-05-18 03:09:01,103483,103481.33333333333,3.4935004597433537
2025-05-18 03:10:11,103483,103482.16666666667,2.9644356622450556
2025-05-18 03:10:22,103483,103483.0,2.979729498882955
2025-05-18 03:10:32,103486,103483.5,3.2321772390626915
2025-05-18 03:10:42,103486,103484.0,3.284490644778413
2025-05-18 03:10:52,103486,103484.5,3.146667309915388
2025-05-18 03:11:02,103486,103485.0,2.7906771213586525
2025-05-18 03:11:12,103486,103485.5,2.3677121053602574
2025-05-18 03:12:23,103484,103485.66666666667,1.4974726208641578
2025-05-18 03:12:33,103485,103485.5,1.4459976136645178
2025-05-18 03:12:43,103485,103485.33333333333,1.3706888365349177
2025-05-18 03:12:53,103485,103485.16666666667,1.26730446770761
2025-05-18 03:13:03,103485,103485.0,1.1281521530955592
2025-05-18 03:13:13,103485,103484.83333333333,0.9374368707219057
2025-05-18 03:13:24,103485,103485.0,0.6513389532615625
2025-05-18 03:13:34,103487,103485.33333333333,0.7929614660108051
2025-05-18 03:14:44,103491,103486.33333333333,1.8006732769141078
2025-05-18 03:14:54,103491,103487.33333333333,2.3403573947194145
2025-05-18 03:15:05,103491,103488.33333333333,2.70801280296968
2025-05-18 03:15:15,103491,103489.33333333333,2.9682665089725737
2025-05-18 03:15:25,103491,103490.33333333333,2.9949452377853083
2025-05-18 03:15:35,103499,103492.33333333333,4.302923601772577
2025-05-18 03:15:45,103499,103493.66666666667,5.0090826603619
2025-05-18 03:16:56,103502,103495.5,5.806866364659072
2025-05-18 03:17:06,103502,103497.33333333333,6.161955613024987
2025-05-18 03:17:16,103502,103499.16666666667,6.151496492559745
2025-05-18 03:17:26,103502,103501.0,5.773502692496383
2025-05-18 03:17:36,103502,103501.5,5.333570071140164
2025-05-18 03:17:46,103504,103502.33333333333,5.342794638774937
2025-05-18 03:18:57,103508,103503.33333333333,5.567083998729473
2025-05-18 03:19:07,103508,103504.33333333333,5.390789002262196
2025-05-18 03:19:17,103508,103505.33333333333,4.769696007727109
2025-05-18 03:19:27,103508,103506.33333333333,3.4728383300332646
2025-05-18 03:19:37,103508,103507.33333333333,3.342789617980236
2025-05-18 03:19:48,103511,103508.5,3.3698754593835853
2025-05-18 03:20:58,103520,103510.5,5.212891944951203
2025-05-18 03:21:08,103520,103512.5,6.171169527619677
2025-05-18 03:21:18,103520,103514.5,6.639528096062953
2025-05-18 03:21:29,103520,103516.5,6.721178648802751
2025-05-18 03:21:39,103520,103518.5,6.430867796086136
2025-05-18 03:21:49,103526,103521.0,6.784005253326745
2025-05-18 03:23:00,103527,103522.16666666667,7.265526738791666
2025-05-18 03:23:10,103527,103523.33333333333,7.354137157907711
2025-05-18 03:23:20,103527,103524.5,7.064636644079039
2025-05-18 03:23:30,103527,103525.66666666667,6.345482764828299
2025-05-18 03:23:40,103527,103526.83333333333,5.015128627954109
2025-05-18 03:24:51,103537,103528.66666666667,5.131601439758468
2025-05-18 03:25:01,103552,103532.83333333333,9.1403202650927
2025-05-18 03:25:11,103552,103537.0,11.191176177920134
2025-05-18 03:25:21,103552,103541.16666666667,12.305455799233943
2025-05-18 03:25:31,103552,103545.33333333333,12.731492806949657
2025-05-18 03:25:41,103552,103549.5,12.539634135204427
2025-05-18 03:26:52,103563,103553.83333333333,13.765074381546524
2025-05-18 03:27:02,103563,103555.66666666667,14.290015586299614
2025-05-18 03:27:12,103563,103557.5,14.117204204357165
2025-05-18 03:27:22,103563,103559.33333333333,13.21930406647664
2025-05-18 03:27:32,103563,103561.16666666667,11.426643506300014
2025-05-18 03:27:42,103563,103563.0,8.170067319293231
2025-05-18 03:28:53,103565,103563.33333333333,5.838093296192576
2025-05-18 03:29:04,103565,103563.66666666667,5.710171679359679
2025-05-18 03:29:14,103565,103564.0,5.3449211238203755
2025-05-18 03:29:24,103565,103564.33333333333,4.687184332981107
2025-05-18 03:29:34,103565,103564.66666666667,3.5791906993390286
2025-05-18 03:29:44,103565,103565.0,1.0444659365046047
2025-05-18 03:30:55,103574,103566.5,3.028901191161093
2025-05-18 03:31:05,103574,103568.0,3.927370930506791
2025-05-18 03:31:15,103573,103569.33333333333,4.313474308208954
2025-05-18 03:31:25,103574,103570.83333333333,4.62126179820535
2025-05-18 03:31:35,103574,103572.33333333333,4.719399037397996
2025-05-18 03:31:45,103574,103573.83333333333,4.621261798199315
2025-05-18 03:32:56,103574,103573.83333333333,4.56933122898635
2025-05-18 03:33:06,103572,103573.5,4.287932326628198
2025-05-18 03:33:16,103572,103573.33333333333,3.8924947209818543
2025-05-18 03:33:26,103572,103573.0,3.342789617305889
2025-05-18 03:33:37,103572,103572.66666666667,2.5405797479806123
2025-05-18 03:33:47,103572,103572.33333333333,0.9962049205400596
2025-05-18 03:34:57,103569,103571.5,1.497472618691111
2025-05-18 03:35:08,103573,103571.66666666667,1.4433756734274663
2025-05-18 03:35:18,103573,103571.83333333333,1.4433756734274663
2025-05-18 03:35:28,103573,103572.0,1.381698559889787
2025-05-18 03:35:38,103573,103572.16666666667,1.3113721710522677
2025-05-18 03:35:48,103573,103572.33333333333,1.2309149103271377
2025-05-18 03:36:59,103577,103573.66666666667,1.7816403749221126
2025-05-18 03:37:09,103580,103574.83333333333,2.767506262034087
2025-05-18 03:37:19,103580,103576.0,3.34278961730437
2025-05-18 03:37:29,103580,103577.16666666667,3.704010930197808
2025-05-18 03:37:39,103580,103578.33333333333,3.910940366048449
2025-05-18 03:37:49,103580,103579.5,3.9876703917005147
2025-05-18 03:39:00,103589,103581.5,4.907477288247301
2025-05-18 03:39:10,103592,103583.5,6.191391873775969
2025-05-18 03:39:20,103592,103585.5,6.863937380610979
2025-05-18 03:39:30,103592,103587.5,7.101002916881637
2025-05-18 03:39:40,103592,103589.5,6.947312539140407
2025-05-18 03:40:51,103592,103591.5,6.3746657667486195
2025-05-18 03:41:01,103592,103592.0,6.017021310913306
2025-05-18 03:41:11,103594,103592.33333333333,5.9460962494343494
2025-05-18 03:41:21,103594,103592.66666666667,5.615859577070793
2025-05-18 03:41:31,103594,103593.0,4.9749371856845
2025-05-18 03:41:41,103594,103593.33333333333,3.8720051967841216
2025-05-18 03:42:52,103590,103593.0,1.6025547789939756
2025-05-18 03:43:02,103590,103592.66666666667,1.4354811256507136
2025-05-18 03:43:12,103590,103592.0,1.5859229226675262
2025-05-18 03:43:22,103590,103591.33333333333,1.7056057312806594
2025-05-18 03:43:32,103590,103590.66666666667,1.8006732751681558
2025-05-18 03:43:42,103590,103590.0,1.874873733514993
2025-05-18 03:44:53,103596,103591.0,2.256304299601706
2025-05-18 03:45:03,103596,103592.0,2.534608929549337
2025-05-18 03:45:13,103598,103593.33333333333,2.9949452367653304
2025-05-18 03:45:23,103598,103594.66666666667,3.3574882388884295
2025-05-18 03:45:34,103598,103596.0,3.6514837169161254
2025-05-18 03:45:44,103598,103597.33333333333,3.8924947210127026
2025-05-18 03:46:55,103602,103598.33333333333,4.376244411958472
2025-05-18 03:47:05,103602,103599.33333333333,4.57926816985672
2025-05-18 03:47:15,103602,103600.0,4.539389893797099
2025-05-18 03:47:25,103604,103601.0,4.46874668913239
2025-05-18 03:47:35,103604,103602.0,4.045199175030631
2025-05-18 03:47:45,103604,103603.0,3.1285585802445426
2025-05-18 03:48:56,103606,103603.66666666667,3.2473765638851413
2025-05-18 03:49:06,103606,103604.33333333333,3.128558580268856
2025-05-18 03:49:16,103606,103605.0,3.089571903649195
2025-05-18 03:49:26,103606,103605.33333333333,2.886751346368189
2025-05-18 03:49:36,103606,103605.66666666667,2.4802248192440155
2025-05-18 03:49:46,103606,103606.0,1.7320508082977466
2025-05-18 03:50:57,103611,103606.83333333333,2.378884383837806
2025-05-18 03:51:07,103611,103607.66666666667,2.662876094287943
2025-05-18 03:51:17,103611,103608.5,2.7010099126297704
2025-05-18 03:51:27,103612,103609.5,2.9374798521004326
2025-05-18 03:51:38,103612,103610.5,2.9987371083779735
2025-05-18 03:51:48,103612,103611.5,2.895921897967142
2025-05-18 03:52:58,103610,103611.33333333333,2.7784342663574986
2025-05-18 03:53:08,103610,103611.16666666667,2.609713789554573
2025-05-18 03:53:19,103610,103611.0,2.3788843838829306
2025-05-18 03:53:29,103612,103611.0,2.1373305361996904
2025-05-18 03:53:39,103612,103611.0,1.7122552918902123
2025-05-18 03:53:49,103612,103611.0,0.8660254053924796
2025-05-18 03:55:00,103615,103611.83333333333,1.3789543699137432
2025-05-18 03:55:10,103615,103612.66666666667,1.6764862252347594
2025-05-18 03:55:20,103615,103613.5,1.86474468227644
2025-05-18 03:55:30,103639,103618.0,7.937253933375754
2025-05-18 03:55:40,103639,103622.5,10.55827981871327
2025-05-18 03:56:51,103654,103629.5,14.906526941498099
2025-05-18 03:57:01,103654,103636.0,17.364846062980796
2025-05-18 03:57:11,103683,103647.33333333333,23.683519394557432
2025-05-18 03:57:21,103654,103653.83333333333,23.711651655797024
2025-05-18 03:57:31,103683,103661.16666666667,26.507145977688918
2025-05-18 03:57:41,103683,103668.5,27.688198995969447
2025-05-18 03:58:52,103698,103675.83333333333,29.311286480739117
2025-05-18 03:59:02,103698,103683.16666666667,29.407662369957226
2025-05-18 03:59:12,103698,103685.66666666667,27.67834729704886
2025-05-18 03:59:22,103698,103693.0,23.727461394933837
2025-05-18 03:59:32,103729,103700.66666666667,25.97711696988125
2025-05-18 03:59:42,103729,103708.33333333333,25.766286406046113
2025-05-18 04:00:53,103749,103716.83333333333,28.662085610134483
2025-05-18 04:01:03,103749,103725.33333333333,29.023892978793622
2025-05-18 04:01:13,103749,103733.83333333333,30.828337023667874
2025-05-18 04:01:23,103749,103742.33333333333,27.194027865033032
2025-05-18 04:01:33,103750,103745.83333333333,26.292498066083766
2025-05-18 04:01:44,103750,103749.33333333333,23.98042130719777
2025-05-18 04:02:54,103773,103753.33333333333,24.967099563562222
2025-05-18 04:03:04,103773,103757.33333333333,24.216197935177885
2025-05-18 04:03:15,103773,103761.33333333333,21.546813024836585
2025-05-18 04:03:25,103773,103765.33333333333,16.02743859422278
2025-05-18 04:03:35,103860,103783.66666666667,33.09799499579004
2025-05-18 04:03:45,103860,103802.0,40.915285726436814
2025-05-18 04:04:56,103870,103818.16666666667,48.03620793468005
2025-05-18 04:05:06,103870,103834.33333333333,52.144612435787984
2025-05-18 04:05:16,103870,103850.5,53.93339045600569
2025-05-18 04:05:26,103870,103866.66666666667,53.63513095675292
2025-05-18 04:05:36,103870,103868.33333333333,51.349072754522574
2025-05-18 04:05:46,103904,103875.66666666667,49.850382205998365
2025-05-18 04:06:57,103933,103886.16666666667,51.99271510766886
2025-05-18 04:07:07,103933,103896.66666666667,50.33433673518983
2025-05-18 04:07:17,103933,103907.16666666667,44.451880691338594
2025-05-18 04:07:27,103933,103917.66666666667,32.1016378327333
2025-05-18 04:07:37,103933,103928.16666666667,32.3675623261719
2025-05-18 04:07:47,103943,103934.66666666667,32.3189596296913
2025-05-18 04:08:58,103923,103933.0,30.65484785479844
2025-05-18 04:09:08,103923,103931.33333333333,28.14895444586729
2025-05-18 04:09:18,103923,103929.66666666667,24.544795165768136
2025-05-18 04:09:28,103923,103928.0,19.234596356641184
2025-05-18 04:09:38,103923,103926.33333333333,9.743296065284047
2025-05-18 04:09:48,103969,103930.66666666667,13.124116133180694
2025-05-18 04:10:59,103983,103940.66666666667,19.585863796152143
2025-05-18 04:11:09,103983,103950.66666666667,23.602773335496384
2025-05-18 04:11:19,103983,103960.66666666667,26.319136948871563
2025-05-18 04:11:30,103983,103970.66666666667,28.114484566881192
2025-05-18 04:11:40,103983,103980.66666666667,29.159436333896263
2025-05-18 04:11:50,103983,103983.0,30.120465206910943
2025-05-18 04:12:00,103987,103983.66666666667,29.23831027809024
2025-05-18 04:13:11,103985,103984.0,27.08684126539815
2025-05-18 04:13:21,103985,103984.33333333333,23.542997415655353
2025-05-18 04:13:31,103985,103984.66666666667,17.79342745644901
2025-05-18 04:13:41,103985,103985.0,4.5493922385250904
2025-05-18 04:13:51,103985,103985.33333333333,1.3371158630304032
2025-05-18 04:14:01,103980,103984.16666666667,1.781640386687953
2025-05-18 04:15:12,103972,103982.0,3.8847019363092015
2025-05-18 04:15:22,103972,103979.83333333333,5.01739399161679
2025-05-18 04:15:32,103966,103976.66666666667,6.813533772340052
2025-05-18 04:15:42,103972,103974.5,7.200063133980214
2025-05-18 04:15:52,103972,103972.33333333333,7.444745963864202
2025-05-18 04:16:02,103966,103970.0,7.8097646753508405
2025-05-18 04:16:12,103966,103969.0,7.982936350048056
2025-05-18 04:17:23,103964,103967.66666666667,8.012773895215895
2025-05-18 04:17:33,103961,103966.83333333333,7.9444091287246295
2025-05-18 04:17:43,103964,103965.5,7.0194534910711885
2025-05-18 04:17:53,103964,103964.16666666667,5.361902651134784
2025-05-18 04:18:03,103961,103963.33333333333,4.27111510994137
2025-05-18 04:18:14,103961,103962.5,4.202272117422059
2025-05-18 04:18:24,103961,103962.0,3.904154746167028
2025-05-18 04:18:34,103945,103959.33333333333,6.894771847358725
2025-05-18 04:19:45,103945,103956.16666666667,8.032132441261512
2025-05-18 04:19:55,103930,103950.5,11.23576540697212
2025-05-18 04:20:05,103930,103945.33333333333,13.323481209977947
2025-05-18 04:20:15,103930,103940.16666666667,14.462071607775135
2025-05-18 04:20:25,103930,103935.0,15.072551815076608
2025-05-18 04:20:35,103919,103930.66666666667,16.695127216136175
2025-05-18 04:20:45,103919,103926.33333333333,17.08867248523758
2025-05-18 04:21:56,103919,103924.5,16.572156277039902
2025-05-18 04:22:06,103921,103923.0,15.396772586950163
2025-05-18 04:22:16,103921,103921.5,13.237916160614231
2025-05-18 04:22:26,103921,103920.0,9.443612561630355
2025-05-18 04:22:36,103921,103920.33333333333,7.798601275240057
2025-05-18 04:22:46,103921,103920.66666666667,4.871064848560913
2025-05-18 04:23:57,103917,103920.33333333333,4.737823311224753
2025-05-18 04:24:07,103917,103919.66666666667,4.313474311650736
2025-05-18 04:24:17,103917,103919.0,3.4935004630798834
2025-05-18 04:24:27,103917,103918.33333333333,1.800673283307418
2025-05-18 04:24:38,103917,103917.66666666667,1.9069251865567407
2025-05-18 04:24:48,103917,103917.0,1.9924098475022802
2025-05-18 04:25:58,103921,103917.66666666667,2.088931878831857
2025-05-18 04:26:08,103929,103919.66666666667,3.5505014627465323
2025-05-18 04:26:19,103929,103921.66666666667,4.458563435662428
2025-05-18 04:26:29,103929,103923.66666666667,5.116817195579889
2025-05-18 04:26:39,103929,103925.66666666667,5.613835724925859
2025-05-18 04:26:49,103929,103927.66666666667,5.989890475646477
2025-05-18 04:27:59,103919,103927.33333333333,5.854291357988266
2025-05-18 04:28:10,103922,103926.16666666667,5.599648260172779
2025-05-18 04:28:20,103922,103925.0,5.297226264028616
2025-05-18 04:28:30,103922,103923.83333333333,4.938255123845241
2025-05-18 04:28:40,103922,103922.66666666667,4.509249756362758
2025-05-18 04:29:51,103925,103922.0,3.9041547452055094
2025-05-18 04:30:01,103925,103923.0,3.713203309817717
2025-05-18 04:30:11,103928,103924.0,3.62963392870214
2025-05-18 04:30:21,103928,103925.0,3.5419563206764844
2025-05-18 04:30:31,103928,103926.0,3.4498572700370627
2025-05-18 04:30:41,103928,103927.0,3.3529724535877032
2025-05-18 04:31:52,103936,103928.83333333333,4.541892547276467
2025-05-18 04:32:02,103936,103930.66666666667,4.987864063032927
2025-05-18 04:32:12,103934,103931.66666666667,5.131601442633212
2025-05-18 04:32:22,103934,103932.66666666667,5.0602431403015515
2025-05-18 04:32:32,103934,103933.66666666667,4.764133680962544
2025-05-18 04:32:42,103934,103934.66666666667,4.195957654621137
2025-05-18 04:33:53,103931,103933.83333333333,3.7739136550589674
2025-05-18 04:34:03,103924,103931.83333333333,3.93411651589845
2025-05-18 04:34:13,103924,103930.16666666667,4.378840309665631
2025-05-18 04:34:23,103924,103928.5,4.756972557416035
2025-05-18 04:34:33,103924,103926.83333333333,5.083395432585876
2025-05-18 04:34:44,103924,103925.16666666667,5.367551219469605
2025-05-18 04:35:54,103920,103923.33333333333,5.696224164268247
2025-05-18 04:36:04,103920,103922.66666666667,5.674904887905842
2025-05-18 04:36:15,103915,103921.16666666667,6.242571345325892
2025-05-18 04:36:25,103915,103919.66666666667,6.345482767017293
2025-05-18 04:36:35,103915,103918.16666666667,6.007570983506245
2025-05-18 04:36:45,103915,103916.66666666667,5.142661735668657
2025-05-18 04:37:56,103922,103917.0,4.086192571001659
2025-05-18 04:38:06,103922,103917.33333333333,3.9542842167272716
2025-05-18 04:38:16,103922,103918.5,3.8098755288591684
2025-05-18 04:38:26,103923,103919.83333333333,3.7203372321782004
2025-05-18 04:38:36,103923,103921.16666666667,3.626501782946792
2025-05-18 04:38:46,103923,103922.5,3.528026321775916
2025-05-18 04:39:57,103922,103922.5,3.596083732623564
2025-05-18 04:40:07,103922,103922.5,3.65459445579509
2025-05-18 04:40:17,103922,103922.5,3.343922578685594
2025-05-18 04:40:27,103921,103922.16666666667,2.860387773077681
2025-05-18 04:40:37,103921,103921.83333333333,2.1532216948205942
2025-05-18 04:40:47,103921,103921.5,0.7385489667345293
2025-05-18 04:41:58,103916,103920.5,1.882937751529683
2025-05-18 04:42:08,103916,103919.5,2.4494897490194703
2025-05-18 04:42:18,103916,103918.5,2.8123106050918474
2025-05-18 04:42:28,103915,103917.5,3.0993645536334915
2025-05-18 04:42:39,103915,103916.5,3.2145502583465886
2025-05-18 04:42:49,103915,103915.5,3.176619133740763
2025-05-18 04:43:59,103911,103914.66666666667,3.6296339283661188
2025-05-18 04:44:11,103911,103913.83333333333,3.797926072702765
2025-05-18 04:44:21,103911,103913.0,3.7203372320467216
2025-05-18 04:44:31,103910,103912.16666666667,3.6639108140430836
2025-05-18 04:44:41,103910,103911.33333333333,3.342789621415095
2025-05-18 04:44:51,103910,103910.5,2.6628760991607097
2025-05-18 04:45:01,103910,103910.33333333333,2.611164844782575
2025-05-18 04:46:12,103905,103909.33333333333,3.1466673131627623
2025-05-18 04:46:22,103905,103908.33333333333,3.3393884439363957
2025-05-18 04:46:32,103905,103907.5,3.4067668886848974
2025-05-18 04:46:42,103904,103906.5,3.369875462627713
2025-05-18 04:46:52,103904,103905.5,3.0451153180237966
2025-05-18 04:47:02,103904,103904.5,3.0883456437176373
2025-05-18 04:47:12,103904,103904.33333333333,3.0100840665417308
2025-05-18 04:48:23,103901,103903.66666666667,3.133397811482941
2025-05-18 04:48:33,103901,103903.0,3.165869122272909
2025-05-18 04:48:44,103923,103906.16666666667,5.944184835637305
2025-05-18 04:48:54,103923,103909.33333333333,7.621242245230119
2025-05-18 04:49:04,103923,103912.5,8.847187536169285
2025-05-18 04:49:14,103923,103915.66666666667,9.685978620974586
2025-05-18 04:49:24,103922,103919.16666666667,10.121609048226578
2025-05-18 04:49:34,103923,103922.83333333333,10.413787482253753
2025-05-18 04:50:45,103934,103924.66666666667,11.610796961874431
2025-05-18 04:50:55,103934,103926.5,12.146517147636187
2025-05-18 04:51:05,103934,103928.33333333333,12.109037447684418
2025-05-18 04:51:15,103934,103930.16666666667,11.49275134006853
2025-05-18 04:51:25,103934,103932.16666666667,9.556847459564937
2025-05-18 04:51:35,103934,103934.0,5.83809329885525
2025-05-18 04:51:45,103941,103935.16666666667,6.5845319225646275
2025-05-18 04:52:56,103943,103936.66666666667,7.178988704655512
2025-05-18 04:53:06,103943,103938.16666666667,7.325236579338236
2025-05-18 04:53:16,103956,103941.83333333333,9.10544292959181
2025-05-18 04:53:27,103943,103943.33333333333,8.136617570587843
2025-05-18 04:53:37,103943,103944.83333333333,6.775065696171738
2025-05-18 04:53:47,103956,103947.33333333333,8.035432897771763
2025-05-18 04:54:57,103956,103949.5,8.712147564659935
2025-05-18 04:55:07,103956,103951.66666666667,8.938764746255652
2025-05-18 04:55:18,103960,103952.33333333333,9.199390627468592
2025-05-18 04:55:28,103956,103954.5,8.522252514286064
2025-05-18 04:55:38,103956,103956.66666666667,7.3003735921135435
2025-05-18 04:55:48,103960,103957.33333333333,7.049607771812413
2025-05-18 04:56:59,103959,103957.83333333333,6.624106575125634
2025-05-18 04:57:09,103959,103958.33333333333,5.846521891010725
2025-05-18 04:57:19,103959,103958.16666666667,5.956280111579923
2025-05-18 04:57:29,103959,103958.66666666667,4.601547833610314
2025-05-18 04:57:39,103959,103959.16666666667,1.7298625042544045
2025-05-18 04:57:49,103958,103958.83333333333,1.62135373069721
2025-05-18 04:59:00,103959,103958.83333333333,1.4974726320612382
2025-05-18 04:59:10,103959,103958.83333333333,1.3113721863504058
2025-05-18 04:59:20,103959,103958.83333333333,1.2431631376698409
2025-05-18 04:59:30,103959,103958.83333333333,0.9653073206551466
2025-05-18 04:59:40,103958,103958.66666666667,0.51492869089069
2025-05-18 04:59:50,103958,103958.66666666667,0.45226706274200257
2025-05-18 05:01:01,103957,103958.33333333333,0.6685579544175734
2025-05-18 05:01:11,103957,103958.0,0.792961487202139
2025-05-18 05:01:21,103957,103957.66666666667,0.8660254276600268
2025-05-18 05:01:31,103957,103957.33333333333,0.9003366603205487
2025-05-18 05:01:41,103957,103957.16666666667,0.9003366602959374
2025-05-18 05:02:52,103956,103956.83333333333,1.055289725553902
2025-05-18 05:03:02,103964,103958.0,2.0816660093923867
2025-05-18 05:03:12,103964,103959.16666666667,2.678477639570304
2025-05-18 05:03:22,103964,103960.33333333333,3.1042492937755584
2025-05-18 05:03:33,103962,103961.16666666667,3.2227881838511423
2025-05-18 05:03:43,103962,103962.0,3.2879486161272506
2025-05-18 05:04:53,103962,103963.0,3.3154825115184496
2025-05-18 05:05:04,103972,103964.33333333333,4.667748796787422
2025-05-18 05:05:14,103972,103965.66666666667,5.401318585913261
2025-05-18 05:05:24,103972,103967.0,5.757735248695244
2025-05-18 05:05:34,103972,103968.66666666667,5.806866367716531
2025-05-18 05:05:44,103972,103970.33333333333,5.556868535594588
2025-05-18 05:06:55,103976,103972.66666666667,5.219427582202413
2025-05-18 05:07:05,103979,103973.83333333333,5.961365517358943
2025-05-18 05:07:15,103979,103975.0,6.3580061708189035
2025-05-18 05:07:25,103979,103976.16666666667,6.473137971316562
2025-05-18 05:07:35,103979,103977.33333333333,6.030226895242603
2025-05-18 05:07:45,103979,103978.5,5.1426617370505925
2025-05-18 05:08:56,103989,103980.66666666667,5.1227360158067
2025-05-18 05:09:06,103989,103982.33333333333,5.991787312398467
2025-05-18 05:09:16,103989,103984.0,6.417306150371729
2025-05-18 05:09:26,103989,103985.66666666667,6.4871668222253875
2025-05-18 05:09:36,103989,103987.33333333333,6.2133775559173845
2025-05-18 05:09:47,103989,103989.0,5.545268257405611
2025-05-18 05:10:57,103992,103989.5,5.4348761563358154
2025-05-18 05:11:07,103987,103989.16666666667,5.101247623833551
2025-05-18 05:11:17,103987,103988.83333333333,4.640892030086754
2025-05-18 05:11:28,103987,103988.5,4.010403144382553
2025-05-18 05:11:38,103987,103988.16666666667,3.107907810138454
2025-05-18 05:11:48,103987,103987.83333333333,1.5050420467419328
2025-05-18 05:12:58,103989,103987.33333333333,1.5050420467419328
2025-05-18 05:13:09,103992,103988.16666666667,1.825741871315072
2025-05-18 05:13:19,103992,103989.0,2.065224337092548
2025-05-18 05:13:29,103992,103989.83333333333,2.249579095742949
2025-05-18 05:13:39,103992,103990.66666666667,2.3915888060288193
2025-05-18 05:13:49,103992,103991.5,2.498484398566271
2025-05-18 05:15:00,103997,103992.83333333333,3.232177245212621
2025-05-18 05:15:10,103997,103993.66666666667,3.6296339308284113
2025-05-18 05:15:20,103997,103994.5,3.792936024243239
2025-05-18 05:15:30,103997,103995.33333333333,3.752776756087732
2025-05-18 05:15:40,103997,103996.16666666667,3.5021638401019026
2025-05-18 05:16:51,104000,103997.5,3.3439225812927806
2025-05-18 05:17:01,104000,103998.0,3.203927521510837
2025-05-18 05:17:11,104003,103999.0,3.6762959025579165
2025-05-18 05:17:21,104003,104000.0,3.8641710922131716
2025-05-18 05:17:31,104003,104001.0,3.8098755312079398
2025-05-18 05:17:41,104003,104002.0,3.502163840166227
2025-05-18 05:18:52,103998,104001.66666666667,2.7455197752214735
2025-05-18 05:19:02,103998,104001.33333333333,2.674231702708964
2025-05-18 05:19:12,103992,103999.5,3.414541104937679
2025-05-18 05:19:22,103989,103997.16666666667,4.5016831922407965
2025-05-18 05:19:33,103992,103995.33333333333,4.877281910653109
2025-05-18 05:19:43,103989,103993.0,5.551412600969321
2025-05-18 05:20:53,103989,103991.5,5.991787312598222
2025-05-18 05:21:03,103989,103990.0,6.257117163622315
2025-05-18 05:21:14,103987,103989.16666666667,6.257117163610194
2025-05-18 05:21:24,103987,103988.83333333333,5.939084720746558
2025-05-18 05:21:34,103987,103988.0,5.245488686714215
2025-05-18 05:21:44,103987,103987.66666666667,3.98481968549322
2025-05-18 05:22:55,104000,103989.5,4.358898948946255
2025-05-18 05:23:05,104000,103991.33333333333,4.6968719492602204
2025-05-18 05:23:15,104000,103993.5,5.416025607449372
2025-05-18 05:23:25,104003,103996.16666666667,6.302957462542876
2025-05-18 05:23:35,104003,103998.83333333333,6.9864587673630485
2025-05-18 05:23:45,104003,104001.5,7.341765128300087
2025-05-18 05:24:56,104002,104001.83333333333,7.401883465418808
2025-05-18 05:25:06,104002,104002.16666666667,7.287910291130558
2025-05-18 05:25:16,104002,104002.5,6.728501119927157
2025-05-18 05:25:26,103988,104000.0,6.584531923699415
2025-05-18 05:25:37,103988,103997.5,6.436166752998652
2025-05-18 05:25:47,103985,103994.5,6.7689129013700216
2025-05-18 05:41:48,104003,103994.66666666667,6.903556399224559
2025-05-18 05:41:58,104003,103994.83333333333,7.025926018102755
2025-05-18 05:42:08,104003,103995.0,7.1366531532691475
2025-05-18 05:42:18,104003,103997.5,7.1366531532691475
2025-05-18 05:42:28,104003,104000.0,7.1366531532691475
2025-05-18 05:58:18,103941,103992.66666666667,17.982103899533957
2025-05-18 05:58:28,103941,103982.33333333333,23.239856048130616
2025-05-18 05:58:39,103941,103972.0,26.465958696847956
2025-05-18 05:58:49,103941,103961.66666666667,28.36237371007572
2025-05-18 05:58:59,103941,103951.33333333333,30.098197872909445
2025-05-18 05:59:09,103941,103941.0,31.20751657780509
2025-05-18 05:59:19,103934,103939.83333333333,32.49930069246117
2025-05-18 05:59:29,103934,103938.66666666667,31.494588280417513
2025-05-18 05:59:39,103934,103937.5,29.248543088000268
2025-05-18 05:59:49,103934,103936.33333333333,25.43440761944101
2025-05-18 05:59:59,103934,103935.16666666667,19.13647160520517
2025-05-18 06:01:10,103934,103934.0,3.655630780776329
2025-05-18 06:01:20,103930,103933.33333333333,4.055486375096994
2025-05-18 06:01:30,103930,103932.66666666667,4.206776644712388
2025-05-18 06:01:40,103930,103932.0,4.13686311171484
2025-05-18 06:01:51,103930,103931.33333333333,3.8336627053388925
2025-05-18 06:02:01,103930,103930.66666666667,3.23217724424387
2025-05-18 06:03:11,103923,103928.83333333333,3.315482511414554
2025-05-18 06:03:21,103923,103927.66666666667,3.988620181224051
2025-05-18 06:03:32,103923,103926.5,4.358029862599129
2025-05-18 06:03:42,103923,103925.33333333333,4.499158174948514
2025-05-18 06:03:52,103923,103924.16666666667,4.433857344319438
2025-05-18 06:04:02,103923,103923.0,4.152399822152817
2025-05-18 06:04:12,103888,103917.16666666667,11.560119535565594
2025-05-18 06:05:23,103889,103911.5,14.88414857584203
2025-05-18 06:05:33,103889,103905.83333333333,16.85140044652608
2025-05-18 06:05:43,103889,103900.16666666667,17.914569998213253
2025-05-18 06:05:53,103889,103894.5,18.232505106617943
2025-05-18 06:06:03,103889,103888.83333333333,17.845082508497413
2025-05-18 06:06:13,103882,103887.83333333333,18.19840152923887
2025-05-18 06:06:23,103882,103886.66666666667,17.84508250846689
2025-05-18 06:06:33,103882,103885.5,16.74044277427698
2025-05-18 06:07:44,103882,103884.33333333333,14.716255700889327
2025-05-18 06:07:54,103882,103883.16666666667,11.288234691899197
2025-05-18 06:08:04,103882,103882.0,3.579190703943908
2025-05-18 06:08:14,103882,103882.0,3.6045005585997476
2025-05-18 06:08:24,103885,103882.5,3.3698754636534494
2025-05-18 06:08:35,103885,103883.0,3.07851794890007
2025-05-18 06:08:45,103885,103883.5,2.712205862475213
2025-05-18 06:09:55,103882,103883.5,2.2292817237875613
2025-05-18 06:10:05,103882,103883.5,1.3568010632241936
2025-05-18 06:10:16,103882,103883.5,1.3568010632241936
2025-05-18 06:10:26,103882,103883.0,1.3568010632241936
2025-05-18 06:10:36,103882,103882.5,1.3568010632241936
2025-05-18 06:10:46,103882,103882.0,1.3568010632241936
2025-05-18 06:11:57,103900,103885.0,5.136765876576984
2025-05-18 06:12:07,103900,103888.0,6.7840052555454475
2025-05-18 06:12:17,103900,103891.0,7.794228636284281
2025-05-18 06:12:27,103900,103894.0,8.565257520846997
2025-05-18 06:12:37,103900,103897.0,9.086703574624421
2025-05-18 06:12:47,103900,103900.0,9.400193423471267
2025-05-18 06:13:58,103900,103900.0,9.268715711697702
2025-05-18 06:14:08,103900,103900.0,8.862587352504594
2025-05-18 06:14:18,103900,103900.0,8.140806305777092
2025-05-18 06:14:28,103900,103900.0,7.006490499994324
2025-05-18 06:14:38,103894,103899.0,5.325752190942912
2025-05-18 06:14:48,103894,103898.0,2.3354968401466354
2025-05-18 06:15:59,103899,103897.83333333333,2.3143164523984616
2025-05-18 06:16:09,103899,103897.66666666667,2.2896340926441483
2025-05-18 06:16:19,103899,103897.5,2.261335092241237
2025-05-18 06:16:29,103899,103897.33333333333,2.229281724110733
2025-05-18 06:16:39,103899,103898.16666666667,2.193309393668258
2025-05-18 06:16:49,103899,103899.0,2.1532216959946573
2025-05-18 06:17:00,103899,103899.0,2.108783946424435
2025-05-18 06:18:10,103901,103899.33333333333,2.195035729531752
2025-05-18 06:18:20,103901,103899.66666666667,2.274696124758917
2025-05-18 06:18:30,103901,103900.0,2.348435979735312
2025-05-18 06:18:40,103903,103900.66666666667,2.15146180878487
2025-05-18 06:18:51,103903,103901.33333333333,1.5859229335423637
2025-05-18 06:19:01,103903,103902.0,1.7320508179717062
2025-05-18 06:20:11,103904,103902.5,1.9286516030128904
2025-05-18 06:20:21,103904,103903.0,2.015094562740111
2025-05-18 06:20:32,103904,103903.5,2.0056737793011092
2025-05-18 06:20:42,103905,103903.83333333333,2.0056737793200723
2025-05-18 06:20:52,103905,103904.16666666667,1.8647446912862353
2025-05-18 06:21:02,103905,103904.5,1.5447859634438443
2025-05-18 06:21:12,103905,103904.66666666667,1.443375685631642
2025-05-18 06:22:23,103904,103904.66666666667,1.193416298202256
2025-05-18 06:22:33,103904,103904.66666666667,0.7929614841812663
2025-05-18 06:22:43,103904,103904.5,0.7177405880747358
2025-05-18 06:22:53,103909,103905.16666666667,1.4974726305075907
2025-05-18 06:23:03,103909,103905.83333333333,1.8504708754837433
2025-05-18 06:23:13,103909,103906.5,2.108783946687776
2025-05-18 06:23:23,103909,103907.33333333333,2.256304307449446
2025-05-18 06:23:33,103909,103908.16666666667,2.3143164526556093
2025-05-18 06:24:44,103908,103908.83333333333,2.309401084771017
2025-05-18 06:24:54,103907,103908.5,2.249579093439436
2025-05-18 06:25:04,103907,103908.16666666667,2.1742292345415475
2025-05-18 06:25:14,103907,103907.83333333333,2.081666008375931
2025-05-18 06:25:25,103907,103907.5,1.831955415177919
2025-05-18 06:25:35,103907,103907.16666666667,1.497472630671305
2025-05-18 06:25:45,103907,103907.0,0.9962049385813927
2025-05-18 06:26:55,103901,103906.0,2.1794494802828077
2025-05-18 06:27:05,103901,103905.0,2.745519773167088
2025-05-18 06:27:16,103902,103904.16666666667,2.923260950086903
2025-05-18 06:27:26,103901,103903.16666666667,3.084663928509974
2025-05-18 06:27:36,103901,103902.16666666667,3.0846639284845283
2025-05-18 06:27:46,103901,103901.16666666667,3.058767830755214
2025-05-18 06:28:57,103890,103899.33333333333,4.942088876204205
2025-05-18 06:29:07,103890,103897.5,5.925676028888447
2025-05-18 06:29:17,103890,103895.5,6.436166752004068
2025-05-18 06:29:27,103890,103893.66666666667,6.584531922703886
2025-05-18 06:29:37,103890,103891.83333333333,6.396021493383542
2025-05-18 06:29:47,103890,103890.0,5.838093298992864
2025-05-18 06:30:58,103877,103887.83333333333,7.645061787253349
2025-05-18 06:31:08,103877,103885.66666666667,8.607167557728504
2025-05-18 06:31:18,103877,103883.5,8.877960455599684
2025-05-18 06:31:28,103877,103881.33333333333,8.75421976357207
2025-05-18 06:31:38,103877,103879.16666666667,8.107235827295623
2025-05-18 06:31:48,103877,103877.0,6.789028584604156
2025-05-18 06:32:59,103874,103876.5,6.9652818712907205
2025-05-18 06:33:09,103867,103874.83333333333,7.735690604070257
2025-05-18 06:33:19,103867,103873.16666666667,7.946792760740669
2025-05-18 06:33:29,103867,103871.5,7.645061787017126
2025-05-18 06:33:39,103867,103869.83333333333,6.762194374413415
2025-05-18 06:33:50,103867,103868.16666666667,4.99924236982377
2025-05-18 06:34:00,103867,103867.0,5.029458676155936
2025-05-18 06:35:10,103867,103867.0,4.907477291127688
2025-05-18 06:35:20,103867,103867.0,4.621261801235453
2025-05-18 06:35:31,103867,103867.0,4.136863110257876
2025-05-18 06:35:41,103867,103867.0,3.369875462876565
2025-05-18 06:35:51,103867,103867.0,2.0207259493622916
2025-05-18 06:36:01,103867,103867.0,0.0
2025-05-18 06:37:12,103848,103863.83333333333,5.484827559914438
2025-05-18 06:37:22,103848,103860.66666666667,7.395739971448346
2025-05-18 06:37:32,103848,103857.5,8.593073322092536
2025-05-18 06:37:42,103848,103854.33333333333,9.354953315904968
2025-05-18 06:37:52,103848,103851.16666666667,9.78364436173901
2025-05-18 06:38:02,103848,103848.0,9.922426390833046
2025-05-18 06:38:12,103845,103847.5,10.039316650770045
2025-05-18 06:39:23,103845,103847.0,9.78712822098597
2025-05-18 06:39:33,103845,103846.5,9.135345942013933
2025-05-18 06:39:43,103845,103846.0,7.986731422377766
2025-05-18 06:39:53,103845,103845.5,6.065301213690297
2025-05-18 06:40:03,103845,103845.0,1.566698911418783
2025-05-18 06:40:13,103844,103844.83333333333,1.6422453292348758
2025-05-18 06:40:23,103844,103844.66666666667,1.642245329214066
2025-05-18 06:40:34,103844,103844.5,1.566698911353343
2025-05-18 06:41:44,103844,103844.33333333333,1.4034589391659338
2025-05-18 06:41:54,103844,103844.16666666667,1.1146408688866878
2025-05-18 06:42:04,103844,103844.0,0.5222329909521769
2025-05-18 06:42:15,103844,103844.0,0.5149286739447623
2025-05-18 06:42:25,103844,103844.0,0.49236598837688844
2025-05-18 06:42:35,103844,103844.0,0.452267043479859
2025-05-18 06:42:45,103844,103844.0,0.38924950298534783
2025-05-18 06:43:56,103842,103843.66666666667,0.6685579413879075
2025-05-18 06:44:06,103842,103843.33333333333,0.7784989595662363
2025-05-18 06:44:16,103838,103842.33333333333,1.8006732813972421
2025-05-18 06:44:26,103838,103841.33333333333,2.3094010819203548
2025-05-18 06:44:36,103838,103840.33333333333,2.6227443456342994
2025-05-18 06:44:46,103838,103839.33333333333,2.806917865289839
2025-05-18 06:45:57,103839,103838.83333333333,2.800162337176483
2025-05-18 06:46:07,103839,103838.33333333333,2.7247463088906776
2025-05-18 06:46:17,103839,103838.5,2.5746432572882236
2025-05-18 06:46:27,103839,103838.66666666667,2.3354968375054956
2025-05-18 06:46:37,103839,103838.83333333333,1.975225347881215
2025-05-18 06:46:47,103839,103839.0,1.4034589388498082
2025-05-18 06:47:58,103839,103839.0,1.0836246802032115
2025-05-18 06:48:08,103839,103839.0,0.4923659875454562
2025-05-18 06:48:18,103850,103840.83333333333,3.2844906471629565
2025-05-18 06:48:28,103850,103842.66666666667,4.376244414459667
2025-05-18 06:48:38,103850,103844.5,5.033222959203884
2025-05-18 06:48:49,103850,103846.33333333333,5.416025605294342
2025-05-18 06:49:59,103851,103848.33333333333,5.77350269397623
2025-05-18 06:50:09,103851,103850.33333333333,5.928871323926401
2025-05-18 06:50:19,103833,103847.5,6.658328120288472
2025-05-18 06:50:30,103833,103844.66666666667,7.278028372692456
2025-05-18 06:50:40,103833,103841.83333333333,7.81412861965769
2025-05-18 06:50:50,103833,103839.0,8.28287755734293
2025-05-18 06:51:00,103833,103836.0,8.69517456005696
2025-05-18 06:52:10,103851,103836.0,8.983149209543333
2025-05-18 06:52:21,103856,103839.83333333333,9.547330264295733
2025-05-18 06:52:31,103856,103843.66666666667,10.052890434332816
2025-05-18 06:52:41,103856,103847.5,10.508293983725808
2025-05-18 06:52:51,103856,103851.33333333333,10.919817959410342
2025-05-18 06:53:01,103834,103851.5,11.193545218986605
2025-05-18 06:54:12,103834,103848.66666666667,11.268083110873253
2025-05-18 06:54:22,103834,103845.0,11.196252079598688
2025-05-18 06:54:32,103834,103841.33333333333,11.123276169867346
2025-05-18 06:54:42,103834,103837.66666666667,11.049132697058546
2025-05-18 06:54:52,103834,103834.0,10.973797995595126
2025-05-18 06:55:02,103834,103834.0,10.89724735994867
2025-05-18 06:55:12,103834,103834.0,10.832051207275246
2025-05-18 06:56:23,103852,103837.0,10.39230484655176
2025-05-18 06:56:33,103854,103840.33333333333,10.142918115731304
2025-05-18 06:56:43,103854,103843.66666666667,9.884177746306953
2025-05-18 06:56:53,103854,103847.0,9.615328672392911
2025-05-18 06:57:03,103854,103850.33333333333,10.107003273742738
2025-05-18 06:57:14,103854,103853.66666666667,10.285323466578761
2025-05-18 06:57:24,103858,103854.66666666667,10.529899710037908
2025-05-18 06:57:34,103858,103855.33333333333,10.355791822333186
2025-05-18 06:58:44,103858,103856.0,9.740574310802522
2025-05-18 06:58:55,103858,103856.66666666667,8.589987125353908
2025-05-18 06:59:05,103858,103857.33333333333,6.630965012422514
2025-05-18 06:59:15,103858,103858.0,2.3290003114885662
2025-05-18 06:59:25,103858,103858.0,2.059714608676215
2025-05-18 06:59:35,103858,103858.0,1.9694638624827614
2025-05-18 06:59:45,103858,103858.0,1.8090680749036245
2025-05-18 07:00:56,103858,103858.0,1.5569978969877187
2025-05-18 07:01:06,103858,103858.0,1.1547005500955885
2025-05-18 07:01:16,103858,103858.0,0.0
2025-05-18 07:01:26,103858,103858.0,0.0
2025-05-18 07:01:36,103858,103858.0,0.0
2025-05-18 07:01:46,103858,103858.0,0.0
2025-05-18 07:02:57,103859,103858.16666666667,0.28867518160928446
2025-05-18 07:03:07,103859,103858.33333333333,0.3892495069695258
2025-05-18 07:03:17,103859,103858.5,0.4522670469144998
2025-05-18 07:03:27,103859,103858.66666666667,0.4923659915369573
2025-05-18 07:03:38,103864,103859.66666666667,1.6966991206764408
2025-05-18 07:03:48,103864,103860.66666666667,2.229281722243969
2025-05-18 07:04:58,103866,103861.83333333333,2.8919952266944784
2025-05-18 07:05:08,103866,103863.0,3.284490647819182
2025-05-18 07:05:19,103866,103864.16666666667,3.498917585524859
2025-05-18 07:05:29,103866,103865.33333333333,3.5675303439878348
2025-05-18 07:05:39,103866,103865.66666666667,3.4989175855610295
2025-05-18 07:05:49,103868,103866.33333333333,3.477198458410774
2025-05-18 07:06:59,103869,103866.83333333333,3.498917585598996
2025-05-18 07:07:10,103869,103867.33333333333,3.2983007605862897
2025-05-18 07:07:20,103869,103867.83333333333,2.8284271297993224
2025-05-18 07:07:30,103869,103868.33333333333,1.8989630419603662
2025-05-18 07:07:40,103869,103868.83333333333,1.7645499121175372
2025-05-18 07:08:51,103874,103869.83333333333,2.35326981383161
2025-05-18 07:09:01,103874,103870.66666666667,2.8001623381132084
2025-05-18 07:09:11,103874,103871.5,3.028901195677999
2025-05-18 07:09:21,103874,103872.33333333333,3.0883456440086183
2025-05-18 07:09:31,103874,103873.16666666667,2.9886147645439043
2025-05-18 07:09:41,103874,103874.0,2.7122058614975133
2025-05-18 07:10:52,103872,103873.66666666667,2.490892507446384
2025-05-18 07:11:02,103872,103873.33333333333,2.33549683871928
2025-05-18 07:11:12,103872,103873.0,2.1373305423637636
2025-05-18 07:11:22,103870,103872.33333333333,2.0150945609951973
2025-05-18 07:11:32,103870,103871.66666666667,1.880924989739849
2025-05-18 07:11:42,103872,103871.33333333333,1.556997897687638
2025-05-18 07:12:53,103871,103871.16666666667,1.564279299267697
2025-05-18 07:13:03,103871,103871.0,1.527525241188887
2025-05-18 07:13:13,103871,103870.83333333333,1.4433756830622018
2025-05-18 07:13:23,103871,103871.0,1.3026779057308848
2025-05-18 07:13:34,103871,103871.16666666667,1.083624682875907
2025-05-18 07:13:44,103871,103871.0,0.7177405828253224
2025-05-18 07:14:54,103871,103871.0,0.6685579451687383
2025-05-18 07:15:04,103871,103871.0,0.6030227132637176
2025-05-18 07:15:14,103871,103871.0,0.5149286787743437
2025-05-18 07:15:25,103871,103871.0,0.42640146680452734
2025-05-18 07:15:35,103871,103871.0,0.28867518495811034
2025-05-18 07:15:45,103871,103871.0,0.0
2025-05-18 07:16:55,103871,103871.0,0.0
2025-05-18 07:17:06,103871,103871.0,0.0
2025-05-18 07:17:16,103871,103871.0,0.0
2025-05-18 07:17:26,103871,103871.0,0.0
2025-05-18 07:17:36,103871,103871.0,0.0
2025-05-18 07:17:46,103871,103871.0,0.0
2025-05-18 07:18:57,103873,103871.33333333333,0.5773502943701304
2025-05-18 07:19:07,103873,103871.66666666667,0.7784989628342375
2025-05-18 07:19:17,103873,103872.0,0.9045340498018558
2025-05-18 07:19:27,103873,103872.33333333333,0.9847319425915688
2025-05-18 07:19:37,103873,103872.66666666667,1.0298573151954784
2025-05-18 07:19:47,103881,103874.33333333333,2.8069178662375163
2025-05-18 07:20:58,103881,103875.66666666667,3.6306773763016973
2025-05-18 07:21:08,103882,103877.16666666667,4.273774858840462
2025-05-18 07:21:18,103882,103878.66666666667,4.638442793005742
2025-05-18 07:21:28,103882,103880.16666666667,4.78871780444281
2025-05-18 07:21:38,103882,103881.66666666667,4.74501333442349
2025-05-18 07:21:48,103882,103881.83333333333,4.501683190073258
2025-05-18 07:22:59,103889,103883.16666666667,5.1778959133143125
2025-05-18 07:23:09,103889,103884.33333333333,5.429297630046415
2025-05-18 07:23:19,103889,103885.5,5.316498052604668
2025-05-18 07:23:30,103889,103886.66666666667,4.813963279075894
2025-05-18 07:23:40,103889,103887.83333333333,3.768891810924444
2025-05-18 07:23:50,103889,103889.0,3.7527767534422924
2025-05-18 07:24:00,103891,103889.33333333333,3.792936021622467
2025-05-18 07:25:11,103892,103889.83333333333,3.8720052001650083
2025-05-18 07:25:21,103892,103890.33333333333,3.752776753410369
2025-05-18 07:25:31,103892,103890.83333333333,3.414541101905235
2025-05-18 07:25:41,103892,103891.33333333333,2.7784342707888037
2025-05-18 07:25:51,103892,103891.83333333333,1.5050420400831834
2025-05-18 07:26:01,103892,103892.0,1.4974726273448717
2025-05-18 07:27:12,103895,103892.5,1.8504708728812762
2025-05-18 07:27:22,103895,103893.0,2.0150945604764123
2025-05-18 07:27:32,103895,103893.5,2.037526730741477
2025-05-18 07:27:42,103895,103894.0,1.9227505620478356
2025-05-18 07:27:52,103895,103894.5,1.6422453299581274
2025-05-18 07:28:02,103895,103895.0,1.56669891213652
2025-05-18 07:28:13,103898,103895.5,1.954016848660233
2025-05-18 07:29:23,103897,103895.83333333333,2.020725948745338
2025-05-18 07:29:33,103897,103896.16666666667,1.992409846447771
2025-05-18 07:29:43,103897,103896.5,1.864744688616107
2025-05-18 07:29:54,103897,103896.83333333333,1.6143297780919874
2025-05-18 07:30:04,103897,103897.16666666667,1.1645001641744956
2025-05-18 07:30:14,103897,103897.0,1.1381803774997965
2025-05-18 07:30:24,103905,103898.33333333333,2.71220586094844
2025-05-18 07:30:34,103905,103899.66666666667,3.4498572691389864
2025-05-18 07:31:45,103929,103905.0,9.497607355526945
2025-05-18 07:31:55,103929,103910.33333333333,12.287897471371512
2025-05-18 07:32:05,103929,103915.66666666667,13.937903412599017
2025-05-18 07:32:15,103929,103921.0,15.063501947826266
2025-05-18 07:32:25,103935,103926.0,16.258331198357215
2025-05-18 07:32:35,103935,103931.0,16.72957823437239
2025-05-18 07:32:45,103935,103932.0,16.539209611273822
2025-05-18 07:33:56,103935,103933.0,15.663120166573432
2025-05-18 07:34:06,103935,103934.0,13.972917528583716
2025-05-18 07:34:16,103935,103935.0,11.102825194063062
2025-05-18 07:34:26,103936,103935.16666666667,8.586017527704884
2025-05-18 07:34:36,103936,103935.33333333333,3.0993645512483177
2025-05-18 07:34:46,103936,103935.5,2.895921900126316
2025-05-18 07:35:57,103915,103932.16666666667,6.067174472215562
2025-05-18 07:36:07,103936,103932.33333333333,6.027713774625997
2025-05-18 07:36:17,103915,103929.0,7.954415584354196
2025-05-18 07:36:27,103936,103929.0,7.9938423281530495
2025-05-18 07:36:38,103936,103929.0,8.032132439830583
2025-05-18 07:36:48,103936,103929.0,8.069302099898698
2025-05-18 07:37:58,103949,103934.66666666667,9.404624910771956
2025-05-18 07:38:08,103949,103936.83333333333,10.43123224147001
2025-05-18 07:38:18,103949,103942.5,11.23407964494389
2025-05-18 07:38:29,103948,103944.5,11.779218989983184
2025-05-18 07:38:39,103948,103946.5,12.2112094559547
2025-05-18 07:38:49,103948,103948.5,12.54174846497123
2025-05-18 07:40:00,103950,103948.66666666667,10.403961949872631
2025-05-18 07:40:10,103950,103948.83333333333,10.495309198066996
2025-05-18 07:40:20,103950,103949.0,5.925676026748319
2025-05-18 07:40:30,103948,103949.0,5.083395430304277
2025-05-18 07:40:40,103948,103949.0,3.792936019217334
2025-05-18 07:41:51,103951,103949.5,1.0444659400370568
2025-05-18 07:42:01,103951,103949.66666666667,1.1934162866165328
2025-05-18 07:42:11,103951,103949.83333333333,1.3026778979549614
2025-05-18 07:42:21,103951,103950.0,1.3816985625938967
2025-05-18 07:42:31,103951,103950.5,1.3568010537984947
2025-05-18 07:42:41,103949,103950.66666666667,1.2673044680367322
2025-05-18 07:43:52,103948,103950.16666666667,1.2673044680367322
2025-05-18 07:44:02,103948,103949.66666666667,1.3706888368622991
2025-05-18 07:44:12,103948,103949.16666666667,1.4459976139967297
2025-05-18 07:44:22,103948,103948.66666666667,1.4974726212060785
2025-05-18 07:44:32,103948,103948.16666666667,1.4974726212060785
2025-05-18 07:44:42,103949,103948.16666666667,1.4433756760246468
2025-05-18 07:45:53,103946,103947.83333333333,1.6514456504023731
2025-05-18 07:46:03,103946,103947.5,1.7298624949802173
2025-05-18 07:46:13,103946,103947.16666666667,1.696699115357851
2025-05-18 07:46:23,103946,103946.83333333333,1.5447859546831206
2025-05-18 07:46:34,103946,103946.5,1.2309149136845827
2025-05-18 07:46:44,103938,103944.66666666667,2.8749176553532396
2025-05-18 07:47:54,103937,103943.16666666667,3.8963852725402917
2025-05-18 07:48:04,103937,103941.66666666667,4.501683188071415
2025-05-18 07:48:15,103937,103940.16666666667,4.8492423661976956
2025-05-18 07:48:25,103937,103938.66666666667,4.993177164206242
2025-05-18 07:48:35,103937,103937.16666666667,4.951277767086388
2025-05-18 07:48:45,103930,103935.83333333333,5.462683324449439
2025-05-18 07:49:56,103929,103934.5,6.012613006370918
2025-05-18 07:50:06,103929,103933.16666666667,6.171169528278674
2025-05-18 07:50:16,103929,103931.83333333333,5.969620059127143
2025-05-18 07:50:26,103929,103930.5,5.367551217744877
2025-05-18 07:50:36,103929,103929.16666666667,4.195957652444233
2025-05-18 07:50:46,103922,103927.83333333333,4.987864061335214
2025-05-18 07:51:57,103918,103926.0,6.092096222142955
2025-05-18 07:52:07,103918,103924.16666666667,6.624106573392424
2025-05-18 07:52:17,103918,103922.33333333333,6.721178649745608
2025-05-18 07:52:27,103918,103920.5,6.4031242388583145
2025-05-18 07:52:37,103918,103918.66666666667,5.599648259043168
2025-05-18 07:52:47,103917,103917.83333333333,5.573204291968393
2025-05-18 07:53:58,103912,103916.83333333333,6.006940431979069
2025-05-18 07:54:08,103912,103915.83333333333,6.060303024426935
2025-05-18 07:54:18,103912,103914.83333333333,5.743903225474388
2025-05-18 07:54:28,103912,103913.83333333333,4.98786406195706
2025-05-18 07:54:38,103912,103912.83333333333,3.519426609368202
2025-05-18 07:54:48,103908,103911.33333333333,3.5791907023030833
2025-05-18 07:55:59,103905,103910.16666666667,4.337992835569441
2025-05-18 07:56:09,103905,103909.0,4.718596352607334
2025-05-18 07:56:19,103905,103907.83333333333,4.8116021422844035
2025-05-18 07:56:29,103905,103906.66666666667,4.634357857548156
2025-05-18 07:56:40,103902,103905.0,4.501683189675661
2025-05-18 07:56:50,103902,103904.0,4.119429207456017
2025-05-18 07:57:00,103902,103903.5,4.174235552782918
2025-05-18 07:58:10,103893,103901.5,5.446016060902313
2025-05-18 07:58:21,103902,103901.0,5.071459059931198
2025-05-18 07:58:31,103902,103900.5,4.501683189915213
2025-05-18 07:58:41,103902,103900.5,3.6462932648137065
2025-05-18 07:58:51,103893,103899.0,4.2103767949396795
2025-05-18 07:59:01,103893,103897.5,4.700096713836672
2025-05-18 08:00:12,103890,103897.0,5.344921126378474
2025-05-18 08:00:22,103890,103895.0,5.624621201993042
2025-05-18 08:00:32,103890,103893.0,5.594234047258679
2025-05-18 08:00:42,103890,103891.0,5.642774948673818
2025-05-18 08:00:52,103890,103890.5,5.4958662179344
2025-05-18 08:01:02,103883,103888.83333333333,5.936533018013945
2025-05-18 08:01:12,103883,103887.66666666667,6.624106574525729
2025-05-18 08:02:23,103879,103885.83333333333,6.89477184688034
2025-05-18 08:02:33,103879,103884.0,6.571287409270759
2025-05-18 08:02:43,103879,103882.16666666667,5.550730230774759
2025-05-18 08:02:53,103879,103880.33333333333,5.55073023082022
2025-05-18 08:03:04,103879,103879.66666666667,5.276448533448833
2025-05-18 08:03:14,103879,103879.0,5.140451581315968
2025-05-18 08:03:24,103879,103879.0,4.813963279901902
2025-05-18 08:03:34,103856,103875.16666666667,8.52225251421221
2025-05-18 08:04:45,103856,103871.33333333333,10.22585848995793
2025-05-18 08:04:55,103856,103867.5,10.90836487664956
2025-05-18 08:05:05,103854,103863.33333333333,11.881995548834277
2025-05-18 08:05:15,103854,103859.16666666667,12.273092027703038
2025-05-18 08:05:25,103854,103855.0,12.55533208158411
2025-05-18 08:05:35,103854,103854.66666666667,12.456895378364102
2025-05-18 08:05:45,103854,103854.33333333333,11.968392719427364
2025-05-18 08:06:56,103852,103853.66666666667,11.16372643536373
2025-05-18 08:07:06,103848,103852.66666666667,10.045351708870484
2025-05-18 08:07:16,103848,103851.66666666667,7.913835222292371
2025-05-18 08:07:26,103845,103850.16666666667,3.629633930876053
2025-05-18 08:07:36,103848,103849.16666666667,3.679385660143102
2025-05-18 08:07:46,103848,103848.16666666667,3.596083735157184
2025-05-18 08:08:57,103845,103847.0,3.6762959026628956
2025-05-18 08:09:07,103836,103845.0,5.339958011491998
2025-05-18 08:09:17,103836,103843.0,6.213377556205826
2025-05-18 08:09:27,103836,103841.5,6.617241029185058
2025-05-18 08:09:38,103836,103839.5,6.637816366217352
2025-05-18 08:09:48,103836,103837.5,6.278872707406871
2025-05-18 08:10:58,103831,103835.16666666667,6.416715863779077
2025-05-18 08:11:08,103824,103833.16666666667,7.680652595671932
2025-05-18 08:11:19,103824,103831.16666666667,8.25126253291256
2025-05-18 08:11:29,103824,103829.16666666667,8.637479994791427
2025-05-18 08:11:39,103824,103827.16666666667,8.205689086751038
2025-05-18 08:11:49,103824,103825.16666666667,7.164728423965129
2025-05-18 08:13:00,103830,103825.0,5.728054304641136
2025-05-18 08:13:10,103830,103826.0,5.418123352468108
2025-05-18 08:13:20,103831,103827.16666666667,5.060243142647838
2025-05-18 08:13:30,103831,103828.33333333333,4.634357861029792
2025-05-18 08:13:40,103831,103829.5,4.119429211271078
2025-05-18 08:14:51,103835,103831.33333333333,3.9571569296787064
2025-05-18 08:15:01,103835,103832.16666666667,4.3580298644369355
2025-05-18 08:15:11,103835,103833.0,4.461960439725227
2025-05-18 08:15:21,103835,103833.66666666667,4.358029864363475
2025-05-18 08:15:31,103835,103834.33333333333,4.030189114466276
2025-05-18 08:15:41,103835,103835.0,3.4145411060217907
2025-05-18 08:16:52,103800,103829.16666666667,9.780546557601523
2025-05-18 08:17:02,103800,103823.33333333333,13.115743491312415
2025-05-18 08:17:12,103800,103817.5,15.321553447939054
2025-05-18 08:17:22,103794,103810.66666666667,17.611119078885334
2025-05-18 08:17:32,103794,103803.83333333333,19.10001586703288
2025-05-18 08:17:43,103794,103797.0,19.96815646945755
2025-05-18 08:18:53,103791,103795.5,20.200510046122957
2025-05-18 08:19:03,103791,103794.0,19.699253948435867
2025-05-18 08:19:13,103792,103792.66666666667,18.337533955822025
2025-05-18 08:19:24,103792,103792.33333333333,16.014198247859945
2025-05-18 08:19:34,103792,103792.0,12.191340695241934
2025-05-18 08:19:44,103792,103791.66666666667,3.5760143816733896
2025-05-18 08:20:54,103790,103791.5,3.2891004679923053
2025-05-18 08:21:05,103790,103791.33333333333,2.7080128145949276
2025-05-18 08:21:15,103790,103791.0,1.5275252548825586
2025-05-18 08:21:25,103789,103790.5,1.564279312679846
2025-05-18 08:21:35,103789,103790.0,1.4770979158684454
2025-05-18 08:21:45,103789,103789.5,1.240112438149172
2025-05-18 08:22:56,103789,103789.33333333333,1.3113721977836168
2025-05-18 08:23:06,103789,103789.16666666667,1.356801076937824
2025-05-18 08:23:16,103794,103789.83333333333,1.6764862457015204
2025-05-18 08:23:26,103794,103790.66666666667,1.9286516121542983
2025-05-18 08:23:36,103794,103791.5,2.1373305522301935
2025-05-18 08:23:46,103794,103792.33333333333,2.3143164600633446
2025-05-18 08:24:57,103797,103793.66666666667,2.876234925001847
2025-05-18 08:25:07,103797,103795.0,3.232177248829306
2025-05-18 08:25:17,103797,103795.5,3.446561757675795
2025-05-18 08:25:27,103802,103796.83333333333,4.158780424089829
2025-05-18 08:25:37,103802,103798.16666666667,4.489043909508502
2025-05-18 08:25:47,103802,103799.5,4.521832567287795
2025-05-18 08:26:58,103809,103801.5,5.350587626406545
2025-05-18 08:27:08,103809,103803.5,5.545268259380751
2025-05-18 08:27:18,103809,103805.5,5.9314263250814285
2025-05-18 08:27:28,103809,103806.66666666667,6.017021316411999
2025-05-18 08:27:38,103817,103809.16666666667,6.91944997421945
2025-05-18 08:27:49,103817,103811.66666666667,7.178988706924213
2025-05-18 08:28:59,103819,103813.33333333333,7.585372690483154
2025-05-18 08:29:09,103817,103814.66666666667,7.279589569990294
2025-05-18 08:29:19,103819,103816.33333333333,6.707639249907657
2025-05-18 08:29:30,103819,103818.0,6.443225246656931
2025-05-18 08:29:40,103824,103819.16666666667,6.365151339798887
2025-05-18 08:29:50,103824,103820.33333333333,5.672902100741187
2025-05-18 08:30:00,103824,103821.16666666667,5.642774951497105
2025-05-18 08:31:11,103824,103822.33333333333,5.300085768438715
2025-05-18 08:31:21,103824,103823.16666666667,4.575130407243503
2025-05-18 08:31:31,103833,103825.5,4.6928378763261644
2025-05-18 08:31:41,103835,103827.33333333333,5.785954786160631
2025-05-18 08:31:51,103835,103829.16666666667,6.326351818578677
2025-05-18 08:32:01,103835,103831.0,6.68047812196416
2025-05-18 08:33:12,103838,103833.33333333333,6.833518109702081
2025-05-18 08:33:22,103838,103835.66666666667,6.801849128971063
2025-05-18 08:33:32,103838,103836.5,6.353238262589606
2025-05-18 08:33:42,103838,103837.0,6.235285714060681
2025-05-18 08:33:52,103840,103837.83333333333,6.037759974628997
2025-05-18 08:34:02,103840,103838.66666666667,5.491039537983969
2025-05-18 08:34:12,103840,103839.0,4.46874669514784
2025-05-18 08:35:23,103843,103839.83333333333,2.8324419372417986
2025-05-18 08:35:33,103843,103840.66666666667,2.7784342757190994
2025-05-18 08:35:43,103845,103841.83333333333,3.0883456481326834
2025-05-18 08:35:53,103845,103842.66666666667,3.1370223373518002
2025-05-18 08:36:04,103845,103843.5,2.9374798607985837
2025-05-18 08:36:14,103845,103844.33333333333,2.964435669981043
2025-05-18 08:36:24,103845,103844.66666666667,2.8643577828021733
2025-05-18 08:36:34,103845,103845.0,2.6227443512313453
2025-05-18 08:37:44,103848,103845.5,2.5346089396671694
2025-05-18 08:37:55,103848,103846.0,2.5346089396172378
2025-05-18 08:38:05,103848,103846.5,2.33549684368214
2025-05-18 08:38:15,103848,103847.0,1.874873747008643
2025-05-18 08:38:25,103848,103847.5,1.7816403891244526
2025-05-18 08:38:35,103848,103848.0,1.5666989201207426
2025-05-18 08:38:45,103857,103849.5,3.3439225818186324
2025-05-18 08:39:56,103858,103851.16666666667,4.399552324613434
2025-05-18 08:40:06,103858,103852.83333333333,4.9969687831940846
2025-05-18 08:40:16,103858,103854.5,5.293649716672803
2025-05-18 08:40:26,103858,103856.16666666667,5.339958011522979
2025-05-18 08:40:36,103858,103857.83333333333,5.142661737486918
2025-05-18 08:40:46,103858,103858.0,5.083395434138255
2025-05-18 08:41:57,103864,103859.0,5.5178772861773835
2025-05-18 08:42:07,103864,103860.0,5.5833898728298506
2025-05-18 08:42:17,103864,103861.0,5.2936497164003855
2025-05-18 08:42:27,103864,103862.0,4.58174904257022
2025-05-18 08:42:37,103864,103863.0,3.175426487805299
2025-05-18 08:42:48,103864,103864.0,3.133397814523278
2025-05-18 08:43:58,103863,103863.83333333333,3.0289011984455545
2025-05-18 08:44:08,103863,103863.66666666667,2.8550858475781857
2025-05-18 08:44:19,103863,103863.5,2.5980762200794234
2025-05-18 08:44:29,103863,103863.33333333333,2.22928172621896
2025-05-18 08:44:39,103863,103863.16666666667,1.6764862378128662
2025-05-18 08:44:49,103863,103863.0,0.5222330107485468
2025-05-18 08:46:00,103865,103863.33333333333,0.6685579568907973
2025-05-18 08:46:10,103865,103863.66666666667,0.7784989728812544
2025-05-18 08:46:20,103865,103864.0,0.866025429581728
2025-05-18 08:46:30,103865,103864.33333333333,0.9374368903740916
2025-05-18 08:46:40,103865,103864.66666666667,0.9962049422861257
2025-05-18 08:47:51,103863,103864.66666666667,1.0298573227652121
2025-05-18 08:48:01,103869,103865.33333333333,1.7752507417111325
2025-05-18 08:48:11,103869,103866.0,2.1672493491021094
2025-05-18 08:48:21,103869,103866.66666666667,2.3868325749758608
2025-05-18 08:48:31,103869,103867.33333333333,2.4802248275696854
2025-05-18 08:48:41,103869,103868.0,2.461829828433526
2025-05-18 08:49:52,103870,103869.16666666667,2.429303438192719
2025-05-18 08:50:02,103873,103869.83333333333,2.9063671034430163
2025-05-18 08:50:12,103870,103870.0,2.86038777522332
2025-05-18 08:50:22,103873,103870.66666666667,3.025147135936235
2025-05-18 08:50:32,103873,103871.33333333333,3.0251471358885693
2025-05-18 08:50:42,103870,103871.5,2.7010099199255837
2025-05-18 08:51:53,103883,103873.66666666667,4.010403143668907
2025-05-18 08:52:03,103886,103875.83333333333,5.718126418489582
2025-05-18 08:52:13,103886,103878.5,6.703120036380665
2025-05-18 08:52:23,103886,103880.66666666667,7.26552674123744
2025-05-18 08:52:33,103886,103882.83333333333,7.501010035611748
2025-05-18 08:52:44,103886,103885.5,7.440674458829269
2025-05-18 08:53:54,103888,103886.33333333333,7.385489461336399
2025-05-18 08:54:04,103888,103886.66666666667,7.362373631657277
2025-05-18 08:54:15,103891,103887.5,6.9282032329384355
2025-05-18 08:54:25,103891,103888.33333333333,6.501748019499089
2025-05-18 08:54:35,103891,103889.16666666667,5.624621202545572
2025-05-18 08:54:45,103891,103890.0,2.7010099186330274
2025-05-18 08:55:56,103892,103890.66666666667,2.5045413367596865
2025-05-18 08:56:06,103892,103891.33333333333,2.558408603032777
2025-05-18 08:56:16,103899,103892.66666666667,3.679385658240772
2025-05-18 08:56:26,103899,103894.0,4.2390679404148175
2025-05-18 08:56:36,103899,103895.33333333333,4.454313541304288
2025-05-18 08:56:46,103899,103896.66666666667,4.376244415529136
2025-05-18 08:57:57,103898,103897.66666666667,4.217567879774771
2025-05-18 08:58:07,103898,103898.66666666667,3.861229200840124
2025-05-18 08:58:17,103900,103898.83333333333,3.887626061712592
2025-05-18 08:58:27,103900,103899.0,3.75378597188409
2025-05-18 08:58:37,103900,103899.16666666667,3.441062208454222
2025-05-18 08:58:47,103900,103899.33333333333,2.8919952273337444
2025-05-18 08:59:58,103903,103900.16666666667,2.5390883655223915
2025-05-18 09:00:08,103903,103901.0,1.6422453311268725
2025-05-18 09:00:18,103907,103902.16666666667,2.611164845158089
2025-05-18 09:00:28,103907,103903.33333333333,3.157482699852263
2025-05-18 09:00:38,103907,103904.5,3.485902348236195
2025-05-18 09:00:48,103907,103905.66666666667,3.655630779127771
2025-05-18 09:01:59,103908,103906.5,3.67629590002077
2025-05-18 09:02:09,103908,103907.33333333333,3.485902348111236
2025-05-18 09:02:19,103909,103907.66666666667,3.476108939909495
2025-05-18 09:02:29,103909,103908.0,3.284490647937718
2025-05-18 09:02:40,103909,103908.33333333333,2.8749176585414036
2025-05-18 09:02:50,103909,103908.66666666667,2.1248885954626613
2025-05-18 09:03:00,103909,103908.83333333333,1.72328088177604
2025-05-18 09:04:10,103909,103909.0,0.9374368812923479
2025-05-18 09:04:21,103909,103909.0,0.8876253801223236
2025-05-18 09:04:31,103927,103912.0,5.410427644803676
2025-05-18 09:04:41,103927,103915.0,7.190060481195195
2025-05-18 09:04:51,103927,103918.0,8.249885216549886
2025-05-18 09:05:01,103927,103921.0,8.928588745975519
2025-05-18 09:06:12,103917,103922.33333333333,8.668997357036856
2025-05-18 09:06:24,103917,103923.66666666667,8.413553281012348
2025-05-18 09:06:34,103916,103921.83333333333,8.095546850720842
2025-05-18 09:06:44,103916,103920.0,7.71657012989348
2025-05-18 09:06:54,103916,103918.16666666667,7.267090620357758
2025-05-18 09:07:04,103916,103916.33333333333,6.7330032939976405
2025-05-18 09:07:14,103916,103916.16666666667,6.092096222734767
2025-05-18 09:07:24,103916,103916.0,5.305800144626363
2025-05-18 09:08:35,103918,103916.33333333333,4.813963278603303
2025-05-18 09:08:45,103918,103916.66666666667,4.119429207244159
2025-05-18 09:08:55,103918,103917.0,3.0883456432178473
2025-05-18 09:09:05,103918,103917.33333333333,0.9374368795761138
2025-05-18 09:09:16,103918,103917.66666666667,0.9962049321264139
2025-05-18 09:09:26,103918,103918.0,1.0444659473835454
2025-05-18 09:09:36,103918,103918.0,1.0298573128698871
2025-05-18 09:09:46,103918,103918.0,0.9847319401195527
2025-05-18 09:10:56,103918,103918.0,0.9045340470672775
2025-05-18 09:11:07,103919,103918.16666666667,0.8660254176471761
2025-05-18 09:11:17,103919,103918.33333333333,0.7385489620573853
2025-05-18 09:11:27,103919,103918.5,0.4522670431675249
2025-05-18 09:11:37,103919,103918.66666666667,0.4923659880376287
2025-05-18 09:11:47,103919,103918.83333333333,0.5149286735707668
2025-05-18 09:12:58,103917,103918.66666666667,0.6513389655126997
2025-05-18 09:13:08,103919,103918.66666666667,0.6685579411571092
2025-05-18 09:13:18,103917,103918.33333333333,0.7784989594174402
2025-05-18 09:13:28,103917,103918.0,0.8660254175200073
2025-05-18 09:13:38,103915,103917.33333333333,1.279204307476509
2025-05-18 09:13:48,103915,103916.66666666667,1.5447859594055697
2025-05-18 09:14:59,103914,103916.16666666667,1.8809249884145909
2025-05-18 09:15:09,103914,103915.33333333333,2.044949438536182
2025-05-18 09:15:19,103914,103914.83333333333,2.108783943772063
2025-05-18 09:15:29,103914,103914.33333333333,2.0816660054066842
2025-05-18 09:15:39,103915,103914.33333333333,1.898963040963691
2025-05-18 09:15:50,103915,103914.33333333333,1.6236882894832374
2025-05-18 09:16:00,103915,103914.5,1.5569978963904756
2025-05-18 09:17:10,103914,103914.5,1.0836246811376293
2025-05-18 09:17:20,103914,103914.5,0.8876253789339887
2025-05-18 09:17:31,103913,103914.33333333333,0.6513389669405192
2025-05-18 09:17:41,103913,103914.0,0.7177405804671771
2025-05-18 09:17:51,103913,103913.66666666667,0.7385489633332811
2025-05-18 09:18:01,103913,103913.33333333333,0.7929614773871227
2025-05-18 09:19:12,103913,103913.16666666667,0.8348471254355122
2025-05-18 09:19:22,103913,103913.0,0.8660254187526976
2025-05-18 09:19:32,103913,103913.0,0.887625379228949
2025-05-18 09:19:42,103912,103912.83333333333,0.9003366518790911
2025-05-18 09:19:52,103912,103912.66666666667,0.8348471256563963
2025-05-18 09:20:02,103912,103912.5,0.6685579431542633
2025-05-18 09:20:12,103912,103912.33333333333,0.6215815818050737
2025-05-18 09:21:23,103912,103912.16666666667,0.5149286763389582
2025-05-18 09:21:33,103912,103912.0,0.5222329933431784
2025-05-18 09:21:43,103912,103912.0,0.5149286764262004
2025-05-18 09:21:53,103913,103912.16666666667,0.5149286764262004
2025-05-18 09:22:03,103913,103912.33333333333,0.5149286764262004
2025-05-18 09:22:13,103913,103912.5,0.5149286764262004
2025-05-18 09:22:24,103913,103912.66666666667,0.5149286764262004
2025-05-18 09:22:34,103913,103912.83333333333,0.5149286764262004
2025-05-18 09:23:44,103915,103913.33333333333,0.8876253795356066
2025-05-18 09:23:54,103915,103913.66666666667,1.0836246816234105
2025-05-18 09:24:05,103915,103914.0,1.1934162938746586
2025-05-18 09:24:15,103915,103914.33333333333,1.240112419898144
2025-05-18 09:24:25,103915,103914.66666666667,1.2309149203418221
2025-05-18 09:24:35,103915,103915.0,1.1645001639727732
2025-05-18 09:24:45,103915,103915.0,1.0298573135631441
2025-05-18 09:25:56,103915,103915.0,0.9847319408347672
2025-05-18 09:26:06,103915,103915.0,0.9045340478378937
2025-05-18 09:26:16,103915,103915.0,0.7784989604957022
2025-05-18 09:26:26,103915,103915.0,0.5773502911444823
2025-05-18 09:26:36,103915,103915.0,0.0
2025-05-18 09:26:46,103915,103915.0,0.0
2025-05-18 09:27:57,103915,103915.0,0.0
2025-05-18 09:28:07,103915,103915.0,0.0
2025-05-18 09:28:17,103915,103915.0,0.0
2025-05-18 09:28:27,103915,103915.0,0.0
2025-05-18 09:28:37,103915,103915.0,0.0
2025-05-18 09:28:47,103915,103915.0,0.0
2025-05-18 09:29:58,103915,103915.0,0.0
2025-05-18 09:30:08,103915,103915.0,0.0
2025-05-18 09:30:18,103915,103915.0,0.0
2025-05-18 09:30:28,103915,103915.0,0.0
2025-05-18 09:30:38,103915,103915.0,0.0
2025-05-18 09:30:49,103915,103915.0,0.0
2025-05-18 09:31:59,103915,103915.0,0.0
2025-05-18 09:32:09,103915,103915.0,0.0
2025-05-18 09:32:19,103915,103915.0,0.0
2025-05-18 09:32:30,103915,103915.0,0.0
2025-05-18 09:32:40,103915,103915.0,0.0
2025-05-18 09:32:50,103915,103915.0,0.0
2025-05-18 09:33:00,103918,103915.5,0.8660254183009058
2025-05-18 09:34:10,103920,103916.33333333333,1.6143297776444454
2025-05-18 09:34:21,103920,103917.16666666667,2.0207259482800213
2025-05-18 09:34:31,103920,103918.0,2.276360737301197
2025-05-18 09:34:41,103920,103918.83333333333,2.429303434282309
2025-05-18 09:34:51,103920,103919.66666666667,2.4984843938912307
2025-05-18 09:35:01,103920,103920.0,2.49089250639824
2025-05-18 09:36:12,103930,103921.66666666667,4.177863745720315
2025-05-18 09:36:22,103930,103923.33333333333,5.029458675451397
2025-05-18 09:36:32,103925,103924.16666666667,4.907477290373401
2025-05-18 09:36:42,103930,103925.83333333333,5.122736013498694
2025-05-18 09:36:52,103930,103927.5,4.999242368937156
2025-05-18 09:37:02,103930,103929.16666666667,4.981024601531242
2025-05-18 09:37:12,103931,103929.33333333333,5.072205905448708
2025-05-18 09:38:23,103955,103933.5,9.633826139139387
2025-05-18 09:38:33,103955,103938.5,11.888369667473789
2025-05-18 09:38:43,103955,103942.66666666667,13.087988942587987
2025-05-18 09:38:53,103969,103949.16666666667,15.634073123735345
2025-05-18 09:39:04,103955,103953.33333333333,15.16050490925993
2025-05-18 09:39:14,103969,103959.66666666667,16.637853882923412
2025-05-18 09:39:24,103969,103962.0,17.34214519630908
2025-05-18 09:39:34,103969,103964.33333333333,16.7356904052848
2025-05-18 09:40:45,103984,103969.16666666667,17.686452613985672
2025-05-18 09:40:55,103984,103971.66666666667,17.359610036235644
2025-05-18 09:41:05,103984,103976.5,15.67544886029678
2025-05-18 09:41:15,104020,103985.0,18.89364170741952
2025-05-18 09:41:25,104020,103993.5,22.454499447788262
2025-05-18 09:41:35,104020,104002.0,24.236836477105804
2025-05-18 09:41:45,104020,104008.0,24.629835319588437
2025-05-18 09:42:56,104036,104016.66666666667,27.242457949682432
2025-05-18 09:43:06,104036,104025.33333333333,26.6848896066478
2025-05-18 09:43:16,104066,104033.0,30.549512717140395
2025-05-18 09:43:26,104066,104040.66666666667,31.81039948082924
2025-05-18 09:43:36,104066,104048.33333333333,30.789116534006546
2025-05-18 09:43:46,104066,104056.0,29.908952748590853
2025-05-18 09:44:57,104125,104070.83333333333,36.3421243182988
2025-05-18 09:45:07,104144,104088.83333333333,41.42344161356342
2025-05-18 09:45:18,104144,104101.83333333333,46.48843127467927
2025-05-18 09:45:28,104144,104114.83333333333,48.71834636642832
2025-05-18 09:45:38,104144,104127.83333333333,48.505779099076456
2025-05-18 09:45:48,104144,104140.83333333333,45.81674630926935
2025-05-18 09:46:59,104169,104148.16666666667,45.43026624232492
2025-05-18 09:47:09,104169,104152.33333333333,41.95984732829602
2025-05-18 09:47:19,104165,104155.83333333333,39.93593354124278
2025-05-18 09:47:29,104165,104159.33333333333,35.78587413781044
2025-05-18 09:47:39,104165,104162.83333333333,28.59858017111792
2025-05-18 09:47:49,104165,104166.33333333333,14.374588265425505
2025-05-18 09:49:00,104163,104165.33333333333,11.378808050395564
2025-05-18 09:49:10,104163,104164.33333333333,10.747797515539217
2025-05-18 09:49:20,104213,104172.33333333333,18.233128355133065
2025-05-18 09:49:30,104213,104180.33333333333,21.845878882710906
2025-05-18 09:49:40,104213,104188.33333333333,23.449978999245733
2025-05-18 09:49:50,104213,104196.33333333333,23.461121932585577
2025-05-18 09:50:01,104213,104204.66666666667,24.76067262820082
2025-05-18 09:51:11,104208,104212.16666666667,25.02771191190194
2025-05-18 09:51:21,104226,104214.33333333333,26.050068339890416
2025-05-18 09:51:31,104226,104216.5,25.97011685768845
2025-05-18 09:51:41,104226,104218.66666666667,24.777188920705477
2025-05-18 09:51:52,104226,104220.83333333333,22.293326897165812
2025-05-18 09:52:02,104226,104223.0,17.48159204722982
2025-05-18 09:52:12,104226,104226.0,7.354137150695711
2025-05-18 09:53:22,104217,104224.5,7.140897992565182
2025-05-18 09:53:32,104215,104222.66666666667,6.99945884623683
2025-05-18 09:53:43,104215,104220.83333333333,6.8506801180254016
2025-05-18 09:53:53,104215,104219.0,6.6940724494316015
2025-05-18 09:54:03,104215,104217.16666666667,6.529072505063357
2025-05-18 09:54:13,104215,104215.33333333333,5.597618532084831
2025-05-18 09:54:23,104215,104215.0,5.545268243979261
2025-05-18 09:54:33,104237,104218.66666666667,7.302967426376296
2025-05-18 09:55:44,104238,104222.5,8.77323753620905
2025-05-18 09:55:54,104238,104226.33333333333,9.920899269771912
2025-05-18 09:56:04,104238,104230.16666666667,10.848823419770156
2025-05-18 09:56:14,104238,104234.0,11.609818202019346
2025-05-18 09:56:24,104238,104237.83333333333,11.927495605139695
2025-05-18 09:56:34,104251,104240.16666666667,13.249070861097607
2025-05-18 09:56:44,104251,104242.33333333333,13.754062756791432
2025-05-18 09:57:55,104264,104246.66666666667,15.300029705301673
2025-05-18 09:58:05,104264,104251.0,15.576546079593744
2025-05-18 09:58:15,104264,104255.33333333333,14.65564323656625
2025-05-18 09:58:25,104264,104259.66666666667,12.270622710621975
2025-05-18 09:58:35,104277,104264.0,14.087120698854154
2025-05-18 09:58:46,104277,104268.33333333333,15.011106995133431
2025-05-18 09:59:56,104297,104273.83333333333,18.151508824656627
2025-05-18 10:00:06,104297,104279.33333333333,19.516116103401533
2025-05-18 10:00:16,104297,104284.83333333333,19.48173192169817
2025-05-18 10:00:27,104297,104290.33333333333,18.040358791716937
2025-05-18 10:00:37,104330,104299.16666666667,22.378798134340425
2025-05-18 10:00:47,104330,104308.0,24.116510122333093
2025-05-18 10:01:58,104359,104318.33333333333,30.269872008100144
2025-05-18 10:02:08,104359,104328.66666666667,33.37936215763329
2025-05-18 10:02:18,104359,104339.0,34.2834662843713
2025-05-18 10:02:28,104359,104349.33333333333,33.16304989970483
2025-05-18 10:02:38,104394,104360.0,36.46033544092299
2025-05-18 10:02:48,104394,104370.66666666667,36.76295895830214
2025-05-18 10:03:59,104398,104377.16666666667,37.7386346507915
2025-05-18 10:04:09,104398,104383.66666666667,36.63786747589967
2025-05-18 10:04:19,104393,104389.33333333333,32.82691061387695
2025-05-18 10:04:29,104398,104395.83333333333,26.348911767993282
2025-05-18 10:04:39,104398,104396.5,23.518368059962327
2025-05-18 10:04:49,104393,104396.33333333333,18.19840152376092
2025-05-18 10:06:00,104400,104396.66666666667,16.98907848341597
2025-05-18 10:06:10,104400,104397.0,14.852813216410386
2025-05-18 10:06:20,104405,104399.0,11.613732720912397
2025-05-18 10:06:30,104400,104399.33333333333,3.5791906757333867
2025-05-18 10:06:41,104400,104399.66666666667,3.4498572410992354
2025-05-18 10:07:51,104429,104405.66666666667,9.380831510652953
2025-05-18 10:08:01,104429,104410.5,12.295293500132376
2025-05-18 10:08:11,104429,104415.33333333333,14.134634010715686
2025-05-18 10:08:22,104429,104419.33333333333,14.886438809658046
2025-05-18 10:08:32,104429,104424.16666666667,15.451537134747324
2025-05-18 10:08:42,104429,104429.0,15.534906924686673
2025-05-18 10:09:52,104489,104439.0,25.238258592692418
2025-05-18 10:10:03,104489,104449.0,30.58854509007873
2025-05-18 10:10:13,104489,104459.0,33.381631672954725
2025-05-18 10:10:23,104489,104469.0,34.800296060136624
2025-05-18 10:10:33,104489,104479.0,34.006572445726434
2025-05-18 10:10:43,104489,104489.0,31.33397806893865
2025-05-18 10:11:54,104515,104493.33333333333,33.60149707772498
2025-05-18 10:12:04,104515,104497.66666666667,34.120996820776654
2025-05-18 10:12:14,104515,104502.0,32.97519728768869
2025-05-18 10:12:24,104515,104506.33333333333,29.97372586482744
2025-05-18 10:12:34,104515,104510.66666666667,24.442263443001462
2025-05-18 10:12:44,104515,104515.0,13.578057156818435
2025-05-18 10:13:55,104540,104519.16666666667,16.7501695993425
2025-05-18 10:14:05,104540,104523.33333333333,18.367461342020054
2025-05-18 10:14:15,104540,104527.5,18.834808196139317
2025-05-18 10:14:25,104540,104531.66666666667,18.240813373065485
2025-05-18 10:14:35,104540,104535.83333333333,16.47104897471757
2025-05-18 10:14:46,104540,104540.0,13.055824188270876
2025-05-18 10:15:56,104553,104542.16666666667,14.297700591476596
2025-05-18 10:16:06,104553,104544.33333333333,14.714453822456692
2025-05-18 10:16:16,104553,104546.5,14.378013510361372
2025-05-18 10:16:27,104553,104548.66666666667,13.231047042326583
2025-05-18 10:16:37,104553,104550.83333333333,11.023391097549741
2025-05-18 10:16:47,104553,104553.0,6.789028565562221
2025-05-18 10:17:57,104537,104550.33333333333,7.0983352562116675
2025-05-18 10:18:08,104536,104547.5,7.50101001789159
2025-05-18 10:18:18,104536,104544.66666666667,7.867751580027239
2025-05-18 10:18:28,104536,104541.83333333333,8.203380664037901
2025-05-18 10:18:38,104536,104539.0,8.511578553404734
2025-05-18 10:18:48,104536,104536.16666666667,8.795229410312535
2025-05-18 10:19:59,104543,104537.16666666667,8.38965812239763
2025-05-18 10:20:09,104560,104541.16666666667,9.286679924306924
2025-05-18 10:20:19,104560,104545.16666666667,10.067574701978337
2025-05-18 10:20:29,104560,104549.16666666667,10.757661107363807
2025-05-18 10:20:39,104560,104553.16666666667,11.373480574539078
2025-05-18 10:20:49,104560,104557.16666666667,11.926542835857115
2025-05-18 10:22:00,104561,104560.16666666667,12.168015690032746
2025-05-18 10:26:16,104675,104579.33333333333,37.921270113752
2025-05-18 10:26:26,104675,104598.5,49.348175488108495
2025-05-18 10:26:36,104675,104617.66666666667,56.03320173546767
2025-05-18 10:26:47,104675,104636.83333333333,59.59408146122915
2025-05-18 10:26:57,104675,104656.0,60.58421386339323
2025-05-18 10:27:07,104675,104675.0,59.970384102829954
2025-05-18 10:27:17,104695,104678.33333333333,60.842319799029475
2025-05-18 10:27:27,104695,104681.66666666667,59.42215431955775
2025-05-18 10:27:37,104695,104685.0,55.5343191710406
2025-05-18 10:28:48,104754,104698.16666666667,54.76146621066618
2025-05-18 10:28:58,104701,104702.5,43.585078761290895
2025-05-18 10:29:08,104701,104706.83333333333,22.86902761283205
2025-05-18 10:44:57,105012,104759.66666666667,94.93059665629406
2025-05-18 10:45:07,105012,104812.5,125.61807797781765
2025-05-18 10:45:17,105012,104865.33333333333,144.31646622585873
2025-05-18 10:45:27,105012,104908.33333333333,155.41506010922902
2025-05-18 10:45:37,105027,104962.66666666667,162.08384941774997
2025-05-18 10:45:48,105027,105017.0,162.8225237553553
2025-05-18 10:46:58,105047,105022.83333333333,161.7214917959815
2025-05-18 10:47:08,105047,105028.66666666667,154.6582498350444
2025-05-18 10:47:18,105047,105034.5,140.7379630448976
2025-05-18 10:47:29,105047,105040.33333333333,128.54665465827887
2025-05-18 10:47:39,105072,105047.83333333333,97.75863133032668
2025-05-18 10:47:49,105072,105055.33333333333,22.445219498884512
2025-05-18 10:49:00,105090,105062.5,25.84686839102687
2025-05-18 10:49:10,105090,105069.66666666667,27.20572577071207
2025-05-18 10:49:20,105090,105076.83333333333,26.83394502523938
2025-05-18 10:49:30,105090,105084.0,24.653354302044093
2025-05-18 10:49:40,105090,105087.0,23.145619380818005
2025-05-18 10:50:51,105133,105097.16666666667,26.327051409376857
2025-05-18 10:51:01,105133,105104.33333333333,29.19046647244262
2025-05-18 10:51:11,105133,105111.5,29.983202360406082
2025-05-18 10:51:21,105133,105118.66666666667,28.876303583225784
2025-05-18 10:51:31,105133,105125.83333333333,25.62476902170268
2025-05-18 10:51:41,105133,105133.0,24.528276808026067
2025-05-18 10:52:52,105168,105138.83333333333,26.5775024390019
2025-05-18 10:53:02,105168,105144.66666666667,28.570486989226637
2025-05-18 10:53:12,105168,105150.5,28.879058148183262
2025-05-18 10:53:22,105211,105163.5,33.94235308365073
2025-05-18 10:53:32,105168,105169.33333333333,30.571699125136817
2025-05-18 10:53:43,105168,105175.16666666667,24.999848474715463
2025-05-18 10:54:53,105230,105185.5,32.206248209862125
2025-05-18 10:55:03,105230,105195.83333333333,36.15151196964295
2025-05-18 10:55:13,105230,105206.16666666667,37.86899266638477
2025-05-18 10:55:24,105230,105209.33333333333,37.66468886612027
2025-05-18 10:55:34,105230,105219.66666666667,35.50544131729757
2025-05-18 10:55:44,105244,105232.33333333333,32.34508532916101
2025-05-18 10:56:54,105259,105237.16666666667,33.83471410077502
2025-05-18 10:57:05,105259,105242.0,33.43503424018062
2025-05-18 10:57:15,105259,105246.83333333333,31.073227287060273
2025-05-18 10:57:25,105259,105251.66666666667,31.972999964957832
2025-05-18 10:57:35,105259,105256.5,26.043524166266536
2025-05-18 10:57:45,105261,105259.33333333333,14.627703047661424
2025-05-18 10:58:56,105293,105265.0,19.06190074690864
2025-05-18 10:59:06,105293,105270.66666666667,21.274540184996493
2025-05-18 10:59:16,105293,105276.33333333333,21.94811373318316
2025-05-18 10:59:26,105293,105282.0,21.22962480050124
2025-05-18 10:59:36,105293,105287.66666666667,18.961484073221946
2025-05-18 10:59:46,105303,105294.66666666667,18.664502024780717
2025-05-18 11:00:57,105301,105296.0,18.91848541446333
2025-05-18 11:01:07,105301,105297.33333333333,18.458799316158835
2025-05-18 11:01:17,105301,105298.66666666667,17.228412036050674
2025-05-18 11:01:27,105301,105300.0,15.039342327586684
2025-05-18 11:01:37,105301,105301.33333333333,11.349809746488749
2025-05-18 11:01:47,105301,105301.0,4.302923538397316
2025-05-18 11:02:58,105281,105297.66666666667,6.407854986115522
2025-05-18 11:03:08,105281,105294.33333333333,7.8373619214029295
2025-05-18 11:03:18,105281,105291.0,8.92222282109155
2025-05-18 11:03:29,105281,105287.66666666667,9.77783514227719
2025-05-18 11:03:39,105281,105284.33333333333,10.460604279298302
2025-05-18 11:03:49,105281,105281.0,10.444659331704942
2025-05-18 11:04:59,105271,105279.33333333333,11.38180363610251
2025-05-18 11:05:10,105269,105277.33333333333,11.922731005007602
2025-05-18 11:05:20,105269,105275.33333333333,11.800102699112664
2025-05-18 11:05:30,105269,105273.33333333333,10.991732406054425
2025-05-18 11:05:40,105269,105271.33333333333,9.320879108102597
2025-05-18 11:05:50,105269,105269.33333333333,6.117535606295415
2025-05-18 11:06:00,105269,105269.0,6.057802338090769
2025-05-18 11:07:11,105248,105265.5,9.297686226602648
2025-05-18 11:07:21,105248,105262.0,10.940611005302
2025-05-18 11:07:31,105248,105258.5,11.68105171507745
2025-05-18 11:07:41,105248,105255.0,11.691747909157657
2025-05-18 11:07:51,105248,105251.5,10.974833446220087
2025-05-18 11:08:01,105248,105248.0,10.966892301317662
2025-05-18 11:08:11,105249,105248.16666666667,10.74356746620024
2025-05-18 11:09:22,105235,105246.0,11.68526653623879
2025-05-18 11:09:32,105235,105243.83333333333,11.838560496526808
2025-05-18 11:09:42,105235,105241.66666666667,11.235765382107383
2025-05-18 11:09:52,105235,105239.5,9.737462775204643
2025-05-18 11:10:03,105235,105237.33333333333,6.7733881743240625
2025-05-18 11:10:13,105216,105231.83333333333,10.009086754742924
2025-05-18 11:10:23,105216,105228.66666666667,11.788540895830632
2025-05-18 11:10:33,105216,105225.5,12.737441804625256
2025-05-18 11:11:44,105212,105221.66666666667,13.5266291608207
2025-05-18 11:11:54,105212,105217.83333333333,13.56689373239766
2025-05-18 11:12:04,105237,105218.16666666667,12.469052578809219
2025-05-18 11:12:14,105237,105221.66666666667,11.005164053741115
2025-05-18 11:12:24,105237,105225.16666666667,11.155580181372729
2025-05-18 11:12:34,105237,105228.66666666667,11.301313926075528
2025-05-18 11:12:44,105237,105232.83333333333,11.44254419557878
2025-05-18 11:13:55,105242,105237.83333333333,12.036560445764518
2025-05-18 11:14:05,105242,105238.66666666667,12.57311945457052
2025-05-18 11:14:15,105238,105238.83333333333,12.196310896536438
2025-05-18 11:14:25,105238,105239.0,11.492751316273845
2025-05-18 11:14:35,105238,105239.16666666667,10.396313424338324
2025-05-18 11:14:45,105238,105239.33333333333,7.7981155123244426
2025-05-18 11:15:56,105239,105238.83333333333,1.8257417165236989
2025-05-18 11:16:06,105239,105238.33333333333,1.7837650248497794
2025-05-18 11:16:16,105239,105238.5,1.7232807234145056
2025-05-18 11:16:26,105232,105237.5,2.5628463278819753
2025-05-18 11:16:37,105232,105236.5,3.12855849716588
2025-05-18 11:16:47,105232,105235.5,3.5537005165390916
2025-05-18 11:17:57,105232,105234.33333333333,3.55370051658004
2025-05-18 11:18:07,105232,105233.16666666667,3.3337120221553076
2025-05-18 11:18:18,105241,105233.5,3.6181360634801343
2025-05-18 11:18:28,105241,105235.0,3.8641710190785075
2025-05-18 11:18:38,105277,105242.5,12.413335916373663
2025-05-18 11:18:48,105241,105244.0,12.410589299242396
2025-05-18 11:19:59,105277,105251.5,16.40653046518443
2025-05-18 11:20:09,105277,105259.0,19.038040056076735
2025-05-18 11:20:19,105301,105269.0,24.554669976605833
2025-05-18 11:20:29,105301,105279.0,27.535101555254787
2025-05-18 11:20:39,105301,105283.0,29.005093587506934
2025-05-18 11:20:49,105301,105293.0,29.19371039702675
2025-05-18 11:22:00,105313,105299.0,29.350933072014882
2025-05-18 11:22:10,105313,105305.0,27.77179732644547
2025-05-18 11:22:20,105313,105307.0,25.817541595047846
2025-05-18 11:22:30,105332,105312.16666666667,24.06226140051357
2025-05-18 11:22:40,105332,105317.33333333333,25.401622462064385
2025-05-18 11:22:50,105332,105322.5,18.878198089250144
2025-05-18 11:24:01,105333,105325.83333333333,17.453618173262246
2025-05-18 11:24:12,105333,105329.16666666667,14.33024982559293
2025-05-18 11:24:22,105333,105332.5,14.039716372516002
2025-05-18 11:24:32,105333,105332.66666666667,13.166474853291126
2025-05-18 11:24:43,105333,105332.83333333333,11.579435771610607
2025-05-18 11:25:53,105337,105333.66666666667,9.189503204834429
2025-05-18 11:26:03,105337,105334.33333333333,8.162645853699452
2025-05-18 11:26:13,105337,105335.0,6.331139927921138
2025-05-18 11:26:23,105329,105334.33333333333,2.429303316741845
2025-05-18 11:26:34,105329,105333.66666666667,2.7247462042425075
2025-05-18 11:26:44,105329,105333.0,2.96826641559901
2025-05-18 11:27:54,105327,105331.33333333333,3.4245105023578746
2025-05-18 11:28:04,105327,105329.66666666667,3.7658754142228834
2025-05-18 11:28:15,105327,105328.0,4.011347472443911
2025-05-18 11:28:25,105343,105330.33333333333,5.2107115257953325
2025-05-18 11:28:35,105343,105332.66666666667,6.057802336679961
2025-05-18 11:28:45,105343,105335.0,6.687845107383676
2025-05-18 11:29:56,105337,105336.66666666667,6.687845107383676
2025-05-18 11:30:06,105337,105338.33333333333,6.687845107383676
2025-05-18 11:30:16,105337,105340.0,6.687845107383676
2025-05-18 11:30:26,105337,105339.0,6.5412443954319075
2025-05-18 11:30:36,105343,105339.0,6.685579193271739
2025-05-18 11:30:46,105343,105339.0,6.60578254929231
2025-05-18 11:31:57,105341,105339.66666666667,5.8749596566233935
2025-05-18 11:32:07,105341,105340.33333333333,4.735424149498993
2025-05-18 11:32:17,105341,105341.0,2.713602000045737
2025-05-18 11:32:27,105341,105341.66666666667,2.605355683769891
2025-05-18 11:32:37,105345,105342.0,2.8444522393479144
2025-05-18 11:32:47,105345,105342.33333333333,3.0550503734484873
2025-05-18 11:33:58,105340,105342.16666666667,2.843120254972399
2025-05-18 11:34:08,105340,105342.0,2.587850294703169
2025-05-18 11:34:18,105340,105341.83333333333,2.274695996170533
2025-05-18 11:34:28,105340,105341.66666666667,1.874873586625938
2025-05-18 11:34:38,105338,105340.5,2.0943646022507845
2025-05-18 11:34:49,105338,105339.33333333333,2.2087977113600332
2025-05-18 11:35:59,105339,105339.16666666667,2.2696948258493177
2025-05-18 11:36:09,105339,105339.0,2.315952463816402
2025-05-18 11:36:20,105353,105341.16666666667,4.29587533632894
2025-05-18 11:36:30,105353,105343.33333333333,5.418822364137847
2025-05-18 11:36:40,105353,105345.83333333333,6.191391829273856
2025-05-18 11:36:50,105353,105348.33333333333,6.8068592451599255
2025-05-18 11:37:00,105353,105350.66666666667,7.166314258798148
2025-05-18 11:38:11,105361,105354.33333333333,8.326663964798424
2025-05-18 11:38:21,105361,105355.66666666667,8.979353391400329
2025-05-18 11:38:31,105361,105357.0,9.23268236704908
2025-05-18 11:38:41,105365,105359.0,9.287903475108688
2025-05-18 11:38:51,105365,105361.0,8.731690769238314
2025-05-18 11:39:01,105365,105363.0,7.649519655622097
2025-05-18 11:40:12,105367,105364.0,5.749835259078153
2025-05-18 11:40:22,105367,105365.0,5.804909055493326
2025-05-18 11:40:32,105367,105366.0,5.600324616381326
2025-05-18 11:40:42,105367,105366.33333333333,5.1049589131996225
2025-05-18 11:40:52,105368,105366.83333333333,4.294993497253651
2025-05-18 11:41:02,105368,105367.33333333333,2.7247462025590714
2025-05-18 11:41:13,105368,105367.5,2.490892389986389
2025-05-18 11:42:23,105372,105368.33333333333,2.605355682354081
2025-05-18 11:42:33,105372,105369.16666666667,2.3532696894589886
2025-05-18 11:42:43,105372,105370.0,2.516611367814905
2025-05-18 11:42:54,105372,105370.66666666667,2.5271254578031
2025-05-18 11:43:04,105372,105371.33333333333,2.386832449065131
2025-05-18 11:43:14,105372,105372.0,2.3788842661862524
2025-05-18 11:43:24,105372,105372.0,2.2896339631305245
2025-05-18 11:43:34,105372,105372.0,2.10878380578612
2025-05-18 11:44:45,105378,105373.0,2.713601998442706
2025-05-18 11:44:55,105378,105374.0,3.055050371993239
2025-05-18 11:45:05,105378,105375.0,3.1285584907005504
2025-05-18 11:45:15,105378,105376.0,2.9541956890002528
2025-05-18 11:45:25,105378,105377.0,3.089571812883647
2025-05-18 11:45:35,105378,105378.0,3.133397718063796
2025-05-18 11:45:45,105378,105378.0,3.0895718128430767
2025-05-18 11:46:56,105408,105383.0,9.72812227908683
2025-05-18 11:47:06,105408,105388.0,12.652703605578894
2025-05-18 11:47:16,105408,105393.0,14.349532757133558
2025-05-18 11:47:26,105408,105398.0,15.234530138114698
2025-05-18 11:47:36,105408,105403.0,15.44785949812509
2025-05-18 11:47:47,105408,105408.0,15.666989018039713
2025-05-18 11:48:57,105412,105408.66666666667,15.78165407987153
2025-05-18 11:49:07,105412,105409.33333333333,15.334650781383
2025-05-18 11:49:17,105412,105410.0,14.273306279978353
2025-05-18 11:49:28,105412,105410.66666666667,12.44137766575971
2025-05-18 11:49:38,105412,105411.33333333333,9.398581423114193
2025-05-18 11:49:48,105412,105412.0,2.0889317357363573
2025-05-18 11:50:58,105422,105413.66666666667,3.9504506121133214
2025-05-18 11:51:09,105422,105415.33333333333,4.8865926074550705
2025-05-18 11:51:19,105422,105417.0,5.402019771716013
2025-05-18 11:51:29,105422,105418.66666666667,5.613835671541791
2025-05-18 11:51:39,105422,105420.33333333333,5.556868480579097
2025-05-18 11:51:49,105422,105422.0,5.2223296242341695
2025-05-18 11:53:00,105448,105426.33333333333,10.126472928729614
2025-05-18 11:53:10,105461,105432.83333333333,15.210393158500048
2025-05-18 11:53:20,105461,105439.33333333333,17.994106763527707
2025-05-18 11:53:30,105461,105445.83333333333,19.48950765205519
2025-05-18 11:53:40,105461,105452.33333333333,19.987875098244334
2025-05-18 11:54:51,105472,105460.66666666667,20.834121183471538
2025-05-18 11:55:01,105472,105464.66666666667,21.601767591161902
2025-05-18 11:55:11,105480,105467.83333333333,22.34169900828576
2025-05-18 11:55:21,105480,105471.0,21.92480260165321
2025-05-18 11:55:31,105480,105474.16666666667,20.279860125169506
2025-05-18 11:55:41,105480,105477.33333333333,17.055168932077066
2025-05-18 11:56:52,105479,105478.5,10.849870800692628
2025-05-18 11:57:02,105479,105479.66666666667,8.726483517034946
2025-05-18 11:57:12,105471,105478.16666666667,8.011355540933698
2025-05-18 11:57:22,105479,105478.0,7.204796342041156
2025-05-18 11:57:32,105471,105476.5,5.974694060622188
2025-05-18 11:57:42,105471,105475.0,4.239067868133348
2025-05-18 11:58:53,105477,105474.66666666667,4.033007678646638
2025-05-18 11:59:03,105477,105474.33333333333,3.7658754098636282
2025-05-18 11:59:13,105476,105475.16666666667,3.6514836373991986
2025-05-18 11:59:23,105476,105474.66666666667,3.498917498791776
2025-05-18 11:59:34,105476,105475.5,3.3028912077280403
2025-05-18 11:59:44,105476,105476.33333333333,3.0550503685523935
2025-05-18 12:00:54,105485,105477.66666666667,3.9962102535617103
2025-05-18 12:01:05,105485,105479.0,4.696871882593368
2025-05-18 12:01:15,105485,105480.5,4.895885659449589
2025-05-18 12:01:25,105489,105482.66666666667,5.867217555606045
2025-05-18 12:01:35,105489,105484.83333333333,6.0277137252569215
2025-05-18 12:01:45,105489,105487.0,5.773502641671926
2025-05-18 12:02:56,105515,105492.0,11.019266846924722
2025-05-18 12:03:06,105515,105497.0,13.698042307398419
2025-05-18 12:03:16,105524,105503.5,16.58038269544052
2025-05-18 12:03:26,105524,105509.33333333333,18.09068065856331
2025-05-18 12:03:36,105524,105515.16666666667,18.56683258242759
2025-05-18 12:03:46,105524,105521.0,18.090680658521336
2025-05-18 12:04:57,105518,105521.5,17.436247494460435
2025-05-18 12:05:07,105518,105522.0,16.256467226539645
2025-05-18 12:05:17,105510,105519.66666666667,14.31755648345274
2025-05-18 12:05:27,105510,105517.33333333333,12.470571395460182
2025-05-18 12:05:37,105510,105515.0,9.967751001096799
2025-05-18 12:05:48,105510,105512.66666666667,6.042776756479529
2025-05-18 12:06:58,105508,105511.0,6.552237602180135
2025-05-18 12:07:08,105508,105509.33333333333,6.971804645841854
2025-05-18 12:07:18,105508,105509.0,6.759953336448451
2025-05-18 12:07:29,105508,105508.66666666667,6.237715152469861
2025-05-18 12:07:39,105508,105508.33333333333,5.314360136173501
2025-05-18 12:07:49,105508,105508.0,3.7009416520350924
2025-05-18 12:09:00,105501,105506.83333333333,3.7527766718028834
2025-05-18 12:09:10,105501,105505.66666666667,3.176619037010958
2025-05-18 12:09:20,105503,105504.83333333333,3.3154824170769377
2025-05-18 12:09:30,105501,105503.66666666667,3.5632806671197526
2025-05-18 12:09:40,105503,105502.83333333333,3.449857180717064
2025-05-18 12:10:51,105503,105502.0,3.2192601292209218
2025-05-18 12:11:01,105503,105502.33333333333,3.1176427610845425
2025-05-18 12:11:11,105503,105502.66666666667,2.9490624125485283
2025-05-18 12:11:21,105501,105502.33333333333,2.8109632811159675
2025-05-18 12:11:31,105501,105502.33333333333,2.5226247798728734
2025-05-18 12:11:41,105501,105502.0,2.0207257977914312
2025-05-18 12:12:52,105515,105504.0,3.9080336090066132
2025-05-18 12:13:02,105515,105506.0,5.149286448752415
2025-05-18 12:13:12,105515,105508.0,5.898124973565183
2025-05-18 12:13:22,105526,105512.16666666667,8.313461119122906
2025-05-18 12:13:32,105526,105516.33333333333,9.632646479707386
2025-05-18 12:13:42,105526,105520.5,10.506491471998796
2025-05-18 12:14:53,105532,105523.33333333333,11.703405332815178
2025-05-18 12:15:03,105532,105526.16666666667,12.280496955529717
2025-05-18 12:15:13,105532,105529.0,12.325140580253318
2025-05-18 12:15:24,105529,105529.5,11.320402579644249
2025-05-18 12:15:34,105529,105530.0,9.61847965785846
2025-05-18 12:15:44,105529,105530.5,6.708203888765568
2025-05-18 12:16:55,105501,105525.33333333333,9.384061246280806
2025-05-18 12:17:05,105501,105520.16666666667,11.32040257963409
2025-05-18 12:17:15,105501,105515.0,12.855844067440499
2025-05-18 12:17:25,105501,105510.33333333333,14.112910466595158
2025-05-18 12:17:35,105506,105506.5,14.504701411972457
2025-05-18 12:17:45,105506,105502.66666666667,14.681208335903108
2025-05-18 12:18:56,105508,105503.83333333333,14.009466475555271
2025-05-18 12:19:06,105508,105505.0,12.971705783355551
2025-05-18 12:19:16,105508,105506.16666666667,11.468996390394818
2025-05-18 12:19:26,105508,105507.33333333333,9.897964254578143
2025-05-18 12:19:36,105509,105507.83333333333,7.613783316138013
2025-05-18 12:19:46,105509,105508.33333333333,3.450954987342918
2025-05-18 12:20:57,105482,105504.0,7.585372647640595
