timestamp,price_usd,ma_6,volatility_12
2025-05-18 02:18:32,103628,,
2025-05-18 02:18:32,103628,,
2025-05-18 02:19:43,103628,,
2025-05-18 02:19:43,103629,,
2025-05-18 02:19:53,103629,,
2025-05-18 02:19:53,103629,103628.5,
2025-05-18 02:20:03,103629,103628.66666666667,
2025-05-18 02:20:03,103629,103628.83333333333,
2025-05-18 02:21:14,103627,103628.66666666667,
2025-05-18 02:21:14,103627,103628.33333333333,
2025-05-18 02:21:24,103624,103627.5,
2025-05-18 02:21:24,103627,103627.16666666667,1.466804401240432
2025-05-18 02:21:34,103624,103626.33333333333,1.8340219092495944
2025-05-18 02:22:35,103607,103622.66666666667,6.180982563837327
2025-05-18 02:22:35,103607,103619.33333333333,8.146387933526185
2025-05-18 02:26:56,103604,103615.5,9.783644360334733
2025-05-18 02:27:06,103604,103612.16666666667,10.752025883797204
2025-05-18 02:27:16,103604,103608.33333333333,11.225984467854358
2025-05-18 02:27:26,103604,103605.0,11.268083109806051
2025-05-18 02:27:36,103595,103603.0,11.86923703860452
2025-05-18 02:27:46,103595,103601.0,11.99115835887744
2025-05-18 02:28:57,103595,103599.5,11.453463152323597
2025-05-18 02:29:07,103588,103596.83333333333,11.453463152323597
2025-05-18 02:29:17,103588,103594.16666666667,9.9189900512187
2025-05-18 02:29:27,103588,103591.5,7.581376703943717
2025-05-18 02:29:37,103588,103590.33333333333,7.571877794389129
2025-05-18 02:29:47,103586,103588.83333333333,7.3911289989174564
2025-05-18 02:30:58,103583,103586.83333333333,7.529739019171533
2025-05-18 02:31:08,103583,103586.0,7.216878364862223
2025-05-18 02:31:18,103583,103585.16666666667,6.386538873896019
2025-05-18 02:31:28,103583,103584.33333333333,4.776045022876155
2025-05-18 02:31:38,103583,103583.5,4.39955231881698
2025-05-18 02:31:49,103583,103583.0,3.7040109300128705
2025-05-18 02:32:59,103573,103581.33333333333,4.209477042302844
2025-05-18 02:33:09,103573,103579.66666666667,5.078176718850774
2025-05-18 02:33:19,103573,103578.0,5.517877281799168
2025-05-18 02:33:30,103573,103576.33333333333,5.630006189785833
2025-05-18 02:33:40,103573,103574.66666666667,5.434876152034568
2025-05-18 02:33:50,103566,103571.83333333333,6.141636343013393
2025-05-18 02:34:00,103566,103570.66666666667,6.674238124734357
2025-05-18 02:35:10,103562,103568.83333333333,7.38702794217569
2025-05-18 02:35:21,103562,103567.0,7.609802291091253
2025-05-18 02:35:31,103562,103565.16666666667,7.387027942190106
2025-05-18 02:35:41,103562,103563.33333333333,6.674238124766269
2025-05-18 02:35:51,103558,103562.0,5.743903223697115
2025-05-18 02:36:01,103558,103560.66666666667,5.928871321962126
2025-05-18 02:37:12,103557,103559.83333333333,5.9288713219714975
2025-05-18 02:37:22,103557,103559.0,5.592202363454623
2025-05-18 02:37:32,103557,103558.16666666667,4.84924236519265
2025-05-18 02:37:42,103557,103557.33333333333,3.446561747618402
2025-05-18 02:37:52,103550,103556.0,4.0898988653425405
2025-05-18 02:38:02,103550,103554.66666666667,4.206776639957919
2025-05-18 02:38:12,103550,103553.5,4.499158170590787
2025-05-18 02:39:23,103534,103549.66666666667,7.6435752384546785
2025-05-18 02:39:33,103534,103545.83333333333,9.204741861078743
2025-05-18 02:39:43,103534,103542.0,9.95748538304192
2025-05-18 02:39:53,103518,103536.66666666667,13.110255065445523
2025-05-18 02:40:03,103518,103531.33333333333,14.844650092411374
2025-05-18 02:40:14,103518,103526.0,15.74296379636379
2025-05-18 02:40:24,103518,103523.33333333333,15.883095645234093
2025-05-18 02:40:34,103518,103520.66666666667,15.285911517218347
2025-05-18 02:41:45,103515,103517.5,14.117204204403022
2025-05-18 02:41:55,103512,103516.5,13.405957517955745
2025-05-18 02:42:05,103512,103515.5,11.758620306773025
2025-05-18 02:42:15,103512,103514.5,8.656316663895257
2025-05-18 02:42:25,103512,103513.5,7.763063281915389
2025-05-18 02:42:35,103512,103512.5,6.185883244863582
2025-05-18 02:42:45,103512,103512.0,2.9886147603527076
2025-05-18 02:43:56,103504,103510.66666666667,4.122186828181551
2025-05-18 02:44:06,103504,103509.33333333333,4.699290727052014
2025-05-18 02:44:16,103504,103508.0,4.919811526735166
2025-05-18 02:44:26,103504,103506.66666666667,4.832810839475155
2025-05-18 02:44:36,103504,103505.33333333333,4.420167280996169
2025-05-18 02:44:46,103504,103504.0,4.177863743430862
2025-05-18 02:45:57,103507,103504.5,3.9876703920532197
2025-05-18 02:46:07,103507,103505.0,3.7376057809574075
2025-05-18 02:46:17,103507,103505.5,3.4145410984853077
2025-05-18 02:46:27,103507,103506.0,2.994945237203658
2025-05-18 02:46:38,103507,103506.5,2.429303430134484
2025-05-18 02:46:48,103507,103507.0,1.5666989049226934
2025-05-18 02:47:58,103495,103505.0,3.414541098483718
2025-05-18 02:48:08,103495,103503.0,4.431293675723056
2025-05-18 02:48:19,103485,103499.33333333333,7.051219538054737
2025-05-18 02:48:29,103485,103495.66666666667,8.621678104493915
2025-05-18 02:48:39,103485,103492.0,9.668364532406603
2025-05-18 02:48:49,103485,103488.33333333333,10.351401603443273
2025-05-18 02:50:00,103477,103485.33333333333,11.456108599638597
2025-05-18 02:50:10,103474,103481.83333333333,12.287897470549437
2025-05-18 02:50:20,103474,103480.0,12.419437356287807
2025-05-18 02:50:30,103474,103478.16666666667,11.874023085996544
2025-05-18 02:50:40,103474,103476.33333333333,10.547152423607082
2025-05-18 02:51:51,103468,103473.5,8.7225760723387
2025-05-18 02:52:01,103468,103472.0,8.22781682473503
2025-05-18 02:52:11,103465,103470.5,7.321615983545586
2025-05-18 02:52:21,103468,103469.5,7.09833527250173
2025-05-18 02:52:31,103465,103468.0,6.815201369107612
2025-05-18 02:52:41,103465,103466.5,6.037132572797647
2025-05-18 02:53:52,103463,103465.66666666667,4.737823308399406
2025-05-18 02:54:02,103463,103464.83333333333,4.461111426115388
2025-05-18 02:54:12,103459,103463.83333333333,4.839859753030462
2025-05-18 02:54:22,103459,103462.33333333333,4.851585183492787
2025-05-18 02:54:32,103463,103462.0,4.177863743516541
2025-05-18 02:54:42,103459,103461.0,3.4145410985929203
2025-05-18 02:55:53,103451,103459.0,4.75458311642376
2025-05-18 02:56:03,103451,103457.0,5.401318582456235
2025-05-18 02:56:13,103447,103455.0,6.542981435520094
2025-05-18 02:56:23,103447,103453.0,6.840166576396332
2025-05-18 02:56:33,103451,103451.0,6.667424199758083
2025-05-18 02:56:43,103447,103449.0,6.605782591135423
2025-05-18 02:57:54,103445,103448.0,6.667424199758083
2025-05-18 02:58:04,103445,103447.0,6.353238258448725
2025-05-18 02:58:14,103445,103446.66666666667,6.23528570987414
2025-05-18 02:58:24,103446,103446.5,5.801645535022065
2025-05-18 02:58:35,103446,103445.66666666667,4.0973014037030495
2025-05-18 02:58:45,103446,103445.5,2.378884384318983
2025-05-18 02:59:55,103446,103445.66666666667,2.0816660006314534
2025-05-18 03:00:05,103446,103445.83333333333,1.621353719465454
2025-05-18 03:00:15,103446,103446.0,1.6143297714209872
2025-05-18 03:00:26,103446,103446.0,1.6025547800360767
2025-05-18 03:00:36,103446,103446.0,0.5773502733747236
2025-05-18 03:00:46,103446,103446.0,0.4522670222078618
2025-05-18 03:01:56,103454,103447.33333333333,2.3931721066626213
2025-05-18 03:02:07,103454,103448.66666666667,3.1658691188297055
2025-05-18 03:02:17,103458,103450.66666666667,4.334498678361452
2025-05-18 03:02:27,103458,103452.66666666667,5.0692178589810135
2025-05-18 03:02:37,103458,103454.66666666667,5.515817476050187
2025-05-18 03:02:47,103458,103456.66666666667,5.741924500946388
2025-05-18 03:03:58,103459,103457.5,5.869154087418031
2025-05-18 03:04:08,103459,103458.33333333333,5.776126415561932
2025-05-18 03:04:18,103464,103459.33333333333,5.984829306098503
2025-05-18 03:04:28,103464,103460.33333333333,5.776126415569833
2025-05-18 03:04:38,103464,103461.33333333333,5.0990195140884556
2025-05-18 03:04:48,103464,103462.33333333333,3.705033432017756
2025-05-18 03:05:59,103472,103464.5,4.767312946767278
2025-05-18 03:06:09,103472,103466.66666666667,5.178627407273446
2025-05-18 03:06:19,103477,103468.83333333333,6.430867796129933
2025-05-18 03:06:29,103477,103471.0,7.101002917163297
2025-05-18 03:06:39,103477,103473.16666666667,7.350015461082067
2025-05-18 03:06:49,103477,103475.33333333333,7.2216005952294
2025-05-18 03:07:00,103477,103476.16666666667,6.853444168829634
2025-05-18 03:08:10,103478,103477.16666666667,6.156420644915364
2025-05-18 03:08:20,103478,103477.33333333333,5.838093296529322
2025-05-18 03:08:30,103483,103478.33333333333,5.7260701002993875
2025-05-18 03:08:41,103483,103479.33333333333,5.101247619791445
2025-05-18 03:08:51,103483,103480.33333333333,3.713203306262174
2025-05-18 03:09:01,103483,103481.33333333333,3.4935004594728967
2025-05-18 03:10:11,103483,103482.16666666667,2.96443566192633
2025-05-18 03:10:22,103483,103483.0,2.979729498565865
2025-05-18 03:10:32,103486,103483.5,3.2321772387703684
2025-05-18 03:10:42,103486,103484.0,3.2844906444907456
2025-05-18 03:10:52,103486,103484.5,3.146667309615121
2025-05-18 03:11:02,103486,103485.0,2.790677121020082
2025-05-18 03:11:12,103486,103485.5,2.367712104961205
2025-05-18 03:12:23,103484,103485.66666666667,1.4974726202332007
2025-05-18 03:12:33,103485,103485.5,1.4459976130110999
2025-05-18 03:12:43,103485,103485.33333333333,1.3706888358455993
2025-05-18 03:12:53,103485,103485.16666666667,1.2673044669620581
2025-05-18 03:13:03,103485,103485.0,1.128152152258047
2025-05-18 03:13:13,103485,103484.83333333333,0.9374368697140074
2025-05-18 03:13:24,103485,103485.0,0.6513389518109491
2025-05-18 03:13:34,103487,103485.33333333333,0.7929614648192704
2025-05-18 03:14:44,103491,103486.33333333333,1.8006732763893925
2025-05-18 03:14:54,103491,103487.33333333333,2.340357394315698
2025-05-18 03:15:05,103491,103488.33333333333,2.7080128026207744
2025-05-18 03:15:15,103491,103489.33333333333,2.9682665086542595
2025-05-18 03:15:25,103491,103490.33333333333,2.9949452374698295
2025-05-18 03:15:35,103499,103492.33333333333,4.302923601552997
2025-05-18 03:15:45,103499,103493.66666666667,5.0090826601732745
2025-05-18 03:16:56,103502,103495.5,5.806866364496361
2025-05-18 03:17:06,103502,103497.33333333333,6.161955612871652
2025-05-18 03:17:16,103502,103499.16666666667,6.1514964924061495
2025-05-18 03:17:26,103502,103501.0,5.773502692332731
2025-05-18 03:17:36,103502,103501.5,5.333570070963014
2025-05-18 03:17:46,103504,103502.33333333333,5.342794638598093
2025-05-18 03:18:57,103508,103503.33333333333,5.567083998559753
2025-05-18 03:19:07,103508,103504.33333333333,5.390789002086927
2025-05-18 03:19:17,103508,103505.33333333333,4.769696007529017
2025-05-18 03:19:27,103508,103506.33333333333,3.472838329761199
2025-05-18 03:19:37,103508,103507.33333333333,3.3427896176975858
2025-05-18 03:19:48,103511,103508.5,3.3698754591032065
2025-05-18 03:20:58,103520,103510.5,5.212891944769951
2025-05-18 03:21:08,103520,103512.5,6.171169527466571
2025-05-18 03:21:18,103520,103514.5,6.639528095920648
2025-05-18 03:21:29,103520,103516.5,6.721178648662175
2025-05-18 03:21:39,103520,103518.5,6.430867795939213
2025-05-18 03:21:49,103526,103521.0,6.784005253187471
2025-05-18 03:23:00,103527,103522.16666666667,7.265526738661622
2025-05-18 03:23:10,103527,103523.33333333333,7.354137157779233
2025-05-18 03:23:20,103527,103524.5,7.064636643945296
2025-05-18 03:23:30,103527,103525.66666666667,6.345482764679399
2025-05-18 03:23:40,103527,103526.83333333333,5.01512862776571
2025-05-18 03:24:51,103537,103528.66666666667,5.131601439574346
2025-05-18 03:25:01,103552,103532.83333333333,9.140320264989331
2025-05-18 03:25:11,103552,103537.0,11.191176177835706
2025-05-18 03:25:21,103552,103541.16666666667,12.30545579915716
2025-05-18 03:25:31,103552,103545.33333333333,12.731492806875442
2025-05-18 03:25:41,103552,103549.5,12.539634135129079
2025-05-18 03:26:52,103563,103553.83333333333,13.765074381477884
2025-05-18 03:27:02,103563,103555.66666666667,14.290015586233496
2025-05-18 03:27:12,103563,103557.5,14.117204204290235
2025-05-18 03:27:22,103563,103559.33333333333,13.219304066405165
2025-05-18 03:27:32,103563,103561.16666666667,11.426643506217326
2025-05-18 03:27:42,103563,103563.0,8.170067319177583
2025-05-18 03:28:53,103565,103563.33333333333,5.838093296030735
2025-05-18 03:29:04,103565,103563.66666666667,5.710171679194213
2025-05-18 03:29:14,103565,103564.0,5.344921123643601
2025-05-18 03:29:24,103565,103564.33333333333,4.687184332779527
2025-05-18 03:29:34,103565,103564.66666666667,3.579190699075047
2025-05-18 03:29:44,103565,103565.0,1.0444659355999883
2025-05-18 03:30:55,103574,103566.5,3.0289011908491514
2025-05-18 03:31:05,103574,103568.0,3.9273709302662128
2025-05-18 03:31:15,103573,103569.33333333333,4.31347430798991
2025-05-18 03:31:25,103574,103570.83333333333,4.621261798000895
2025-05-18 03:31:35,103574,103572.33333333333,4.719399037197792
2025-05-18 03:31:45,103574,103573.83333333333,4.621261797994859
2025-05-18 03:32:56,103574,103573.83333333333,4.56933122877957
2025-05-18 03:33:06,103572,103573.5,4.28793232640785
2025-05-18 03:33:16,103572,103573.33333333333,3.8924947207391205
2025-05-18 03:33:26,103572,103573.0,3.342789617023238
2025-05-18 03:33:37,103572,103572.66666666667,2.540579747608713
2025-05-18 03:33:47,103572,103572.33333333333,0.9962049195916193
2025-05-18 03:34:57,103569,103571.5,1.4974726180601539
2025-05-18 03:35:08,103573,103571.66666666667,1.4433756727728613
2025-05-18 03:35:18,103573,103571.83333333333,1.4433756727728613
2025-05-18 03:35:28,103573,103572.0,1.3816985592059614
2025-05-18 03:35:38,103573,103572.16666666667,1.3113721703317698
2025-05-18 03:35:48,103573,103572.33333333333,1.2309149095595453
2025-05-18 03:36:59,103577,103573.66666666667,1.781640374391792
2025-05-18 03:37:09,103580,103574.83333333333,2.7675062616926818
2025-05-18 03:37:19,103580,103576.0,3.3427896170217197
2025-05-18 03:37:29,103580,103577.16666666667,3.704010929942722
2025-05-18 03:37:39,103580,103578.33333333333,3.91094036580686
2025-05-18 03:37:49,103580,103579.5,3.987670391463574
2025-05-18 03:39:00,103589,103581.5,4.9074772880547695
2025-05-18 03:39:10,103592,103583.5,6.191391873623364
2025-05-18 03:39:20,103592,103585.5,6.863937380473326
2025-05-18 03:39:30,103592,103587.5,7.1010029167485795
2025-05-18 03:39:40,103592,103589.5,6.947312539004407
2025-05-18 03:40:51,103592,103591.5,6.374665766600401
2025-05-18 03:41:01,103592,103592.0,6.017021310756278
2025-05-18 03:41:11,103594,103592.33333333333,5.946096249275448
2025-05-18 03:41:21,103594,103592.66666666667,5.615859576902548
2025-05-18 03:41:31,103594,103593.0,4.97493718549458
2025-05-18 03:41:41,103594,103593.33333333333,3.872005196540103
2025-05-18 03:42:52,103590,103593.0,1.6025547784043914
2025-05-18 03:43:02,103590,103592.66666666667,1.4354811249925084
2025-05-18 03:43:12,103590,103592.0,1.585922922071759
2025-05-18 03:43:22,103590,103591.33333333333,1.7056057307266974
2025-05-18 03:43:32,103590,103590.66666666667,1.8006732746434404
2025-05-18 03:43:42,103590,103590.0,1.8748737330110439
2025-05-18 03:44:53,103596,103591.0,2.25630429918295
2025-05-18 03:45:03,103596,103592.0,2.534608929176561
2025-05-18 03:45:13,103598,103593.33333333333,2.9949452364498517
2025-05-18 03:45:23,103598,103594.66666666667,3.3574882386070164
2025-05-18 03:45:34,103598,103596.0,3.6514837166573697
2025-05-18 03:45:44,103598,103597.33333333333,3.8924947207699687
2025-05-18 03:46:55,103602,103598.33333333333,4.376244411742569
2025-05-18 03:47:05,103602,103599.33333333333,4.579268169650389
2025-05-18 03:47:15,103602,103600.0,4.5393898935889565
2025-05-18 03:47:25,103604,103601.0,4.468746688920957
2025-05-18 03:47:35,103604,103602.0,4.045199174797061
2025-05-18 03:47:45,103604,103603.0,3.1285585799425375
2025-05-18 03:48:56,103606,103603.66666666667,3.247376563594186
2025-05-18 03:49:06,103606,103604.33333333333,3.128558579966851
2025-05-18 03:49:16,103606,103605.0,3.0895719033433786
2025-05-18 03:49:26,103606,103605.33333333333,2.8867513460408865
2025-05-18 03:49:36,103606,103605.66666666667,2.4802248188630656
2025-05-18 03:49:46,103606,103606.0,1.7320508077522425
2025-05-18 03:50:57,103611,103606.83333333333,2.3788843834406284
2025-05-18 03:51:07,103611,103607.66666666667,2.6628760939331233
2025-05-18 03:51:17,103611,103608.5,2.70100991227996
2025-05-18 03:51:27,103612,103609.5,2.9374798517787823
2025-05-18 03:51:38,103612,103610.5,2.9987371080628935
2025-05-18 03:51:48,103612,103611.5,2.8959218976408763
2025-05-18 03:52:58,103610,103611.33333333333,2.7784342660174364
2025-05-18 03:53:08,103610,103611.16666666667,2.6097137891925253
2025-05-18 03:53:19,103610,103611.0,2.3788843834857527
2025-05-18 03:53:29,103612,103611.0,2.1373305357576244
2025-05-18 03:53:39,103612,103611.0,1.7122552913384015
2025-05-18 03:53:49,103612,103611.0,0.8660254043014712
2025-05-18 03:55:00,103615,103611.83333333333,1.3789543692285566
2025-05-18 03:55:10,103615,103612.66666666667,1.6764862246711754
2025-05-18 03:55:20,103615,103613.5,1.8647446817697535
2025-05-18 03:55:30,103639,103618.0,7.937253933256715
2025-05-18 03:55:40,103639,103622.5,10.558279818623781
2025-05-18 03:56:51,103654,103629.5,14.906526941434713
2025-05-18 03:57:01,103654,103636.0,17.364846062926386
2025-05-18 03:57:11,103683,103647.33333333333,23.683519394517536
2025-05-18 03:57:21,103654,103653.83333333333,23.711651655757176
2025-05-18 03:57:31,103683,103661.16666666667,26.507145977653273
2025-05-18 03:57:41,103683,103668.5,27.688198995935323
2025-05-18 03:58:52,103698,103675.83333333333,29.311286480706883
2025-05-18 03:59:02,103698,103683.16666666667,29.4076623699251
2025-05-18 03:59:12,103698,103685.66666666667,27.678347297014724
2025-05-18 03:59:22,103698,103693.0,23.727461394894018
2025-05-18 03:59:32,103729,103700.66666666667,25.97711696984488
2025-05-18 03:59:42,103729,103708.33333333333,25.766286406009446
2025-05-18 04:00:53,103749,103716.83333333333,28.662085610101517
2025-05-18 04:01:03,103749,103725.33333333333,29.02389297876107
2025-05-18 04:01:13,103749,103733.83333333333,30.828337023637225
2025-05-18 04:01:23,103749,103742.33333333333,27.19402786499829
2025-05-18 04:01:33,103750,103745.83333333333,26.29249806604783
2025-05-18 04:01:44,103750,103749.33333333333,23.98042130715837
2025-05-18 04:02:54,103773,103753.33333333333,24.967099563524382
2025-05-18 04:03:04,103773,103757.33333333333,24.21619793513887
2025-05-18 04:03:15,103773,103761.33333333333,21.546813024792737
2025-05-18 04:03:25,103773,103765.33333333333,16.027438594163833
2025-05-18 04:03:35,103860,103783.66666666667,33.097994995761496
2025-05-18 04:03:45,103860,103802.0,40.91528572641372
2025-05-18 04:04:56,103870,103818.16666666667,48.03620793466038
2025-05-18 04:05:06,103870,103834.33333333333,52.144612435769865
2025-05-18 04:05:16,103870,103850.5,53.933390455988174
2025-05-18 04:05:26,103870,103866.66666666667,53.6351309567353
2025-05-18 04:05:36,103870,103868.33333333333,51.34907275450417
2025-05-18 04:05:46,103904,103875.66666666667,49.850382205979415
2025-05-18 04:06:57,103933,103886.16666666667,51.99271510765069
2025-05-18 04:07:07,103933,103896.66666666667,50.33433673517106
2025-05-18 04:07:17,103933,103907.16666666667,44.451880691317335
2025-05-18 04:07:27,103933,103917.66666666667,32.10163783270387
2025-05-18 04:07:37,103933,103928.16666666667,32.3675623261427
2025-05-18 04:07:47,103943,103934.66666666667,32.31895962966206
2025-05-18 04:08:58,103923,103933.0,30.654847854767617
2025-05-18 04:09:08,103923,103931.33333333333,28.148954445833724
2025-05-18 04:09:18,103923,103929.66666666667,24.544795165729642
2025-05-18 04:09:28,103923,103928.0,19.23459635659206
2025-05-18 04:09:38,103923,103926.33333333333,9.74329606518707
2025-05-18 04:09:48,103969,103930.66666666667,13.124116133108696
2025-05-18 04:10:59,103983,103940.66666666667,19.5858637961039
2025-05-18 04:11:09,103983,103950.66666666667,23.602773335456355
2025-05-18 04:11:19,103983,103960.66666666667,26.319136948835666
2025-05-18 04:11:30,103983,103970.66666666667,28.114484566847587
2025-05-18 04:11:40,103983,103980.66666666667,29.15943633386386
2025-05-18 04:11:50,103983,103983.0,30.120465206879576
2025-05-18 04:12:00,103987,103983.66666666667,29.238310278057924
2025-05-18 04:13:11,103985,103984.0,27.086841265363265
2025-05-18 04:13:21,103985,103984.33333333333,23.542997415615215
2025-05-18 04:13:31,103985,103984.66666666667,17.793427456395904
2025-05-18 04:13:41,103985,103985.0,4.549392238317397
2025-05-18 04:13:51,103985,103985.33333333333,1.3371158623237462
2025-05-18 04:14:01,103980,103984.16666666667,1.7816403861576093
2025-05-18 04:15:12,103972,103982.0,3.8847019360659703
2025-05-18 04:15:22,103972,103979.83333333333,5.017393991428468
2025-05-18 04:15:32,103966,103976.66666666667,6.8135337722013745
2025-05-18 04:15:42,103972,103974.5,7.200063133848982
2025-05-18 04:15:52,103972,103972.33333333333,7.444745963737283
2025-05-18 04:16:02,103966,103970.0,7.809764675229853
2025-05-18 04:16:12,103966,103969.0,7.982936349929694
2025-05-18 04:17:23,103964,103967.66666666667,8.012773895097974
2025-05-18 04:17:33,103961,103966.83333333333,7.944409128605693
2025-05-18 04:17:43,103964,103965.5,7.01945349093658
2025-05-18 04:17:53,103964,103964.16666666667,5.361902650958562
2025-05-18 04:18:03,103961,103963.33333333333,4.271115109720143
2025-05-18 04:18:14,103961,103962.5,4.202272117197208
2025-05-18 04:18:24,103961,103962.0,3.904154745925008
2025-05-18 04:18:34,103945,103959.33333333333,6.894771847221682
2025-05-18 04:19:45,103945,103956.16666666667,8.032132441143874
2025-05-18 04:19:55,103930,103950.5,11.235765406888026
2025-05-18 04:20:05,103930,103945.33333333333,13.32348120990703
2025-05-18 04:20:15,103930,103940.16666666667,14.4620716077098
2025-05-18 04:20:25,103930,103935.0,15.07255181501392
2025-05-18 04:20:35,103919,103930.66666666667,16.69512721607958
2025-05-18 04:20:45,103919,103926.33333333333,17.08867248518229
2025-05-18 04:21:56,103919,103924.5,16.572156276982888
2025-05-18 04:22:06,103921,103923.0,15.396772586888796
2025-05-18 04:22:16,103921,103921.5,13.237916160542854
2025-05-18 04:22:26,103921,103920.0,9.4436125615303
2025-05-18 04:22:36,103921,103920.33333333333,7.798601275118896
2025-05-18 04:22:46,103921,103920.66666666667,4.8710648483669345
2025-05-18 04:23:57,103917,103920.33333333333,4.73782331102532
2025-05-18 04:24:07,103917,103919.66666666667,4.3134743114316825
2025-05-18 04:24:17,103917,103919.0,3.493500462809415
2025-05-18 04:24:27,103917,103918.33333333333,1.8006732827826795
2025-05-18 04:24:38,103917,103917.66666666667,1.9069251860612402
2025-05-18 04:24:48,103917,103917.0,1.9924098470280391
2025-05-18 04:25:58,103921,103917.66666666667,2.0889318783795296
2025-05-18 04:26:08,103929,103919.66666666667,3.5505014624804057
2025-05-18 04:26:19,103929,103921.66666666667,4.458563435450502
2025-05-18 04:26:29,103929,103923.66666666667,5.116817195395228
2025-05-18 04:26:39,103929,103925.66666666667,5.613835724757545
2025-05-18 04:26:49,103929,103927.66666666667,5.98989047548873
2025-05-18 04:27:59,103919,103927.33333333333,5.854291357826866
2025-05-18 04:28:10,103922,103926.16666666667,5.599648260004039
2025-05-18 04:28:20,103922,103925.0,5.297226263850243
2025-05-18 04:28:30,103922,103923.83333333333,4.938255123653902
2025-05-18 04:28:40,103922,103922.66666666667,4.509249756153215
2025-05-18 04:29:51,103925,103922.0,3.9041547449634897
2025-05-18 04:30:01,103925,103923.0,3.7132033095632515
2025-05-18 04:30:11,103928,103924.0,3.629633928441816
2025-05-18 04:30:21,103928,103925.0,3.5419563204097155
2025-05-18 04:30:31,103928,103926.0,3.449857269763172
2025-05-18 04:30:41,103928,103927.0,3.352972453305899
2025-05-18 04:31:52,103936,103928.83333333333,4.5418925470684295
2025-05-18 04:32:02,103936,103930.66666666667,4.9878640628434905
2025-05-18 04:32:12,103934,103931.66666666667,5.131601442449082
2025-05-18 04:32:22,103934,103932.66666666667,5.0602431401148245
2025-05-18 04:32:32,103934,103933.66666666667,4.764133680764212
2025-05-18 04:32:42,103934,103934.66666666667,4.195957654395948
2025-05-18 04:33:53,103931,103933.83333333333,3.7739136548085956
2025-05-18 04:34:03,103924,103931.83333333333,3.9341165156582734
2025-05-18 04:34:13,103924,103930.16666666667,4.378840309449847
2025-05-18 04:34:23,103924,103928.5,4.756972557217404
2025-05-18 04:34:33,103924,103926.83333333333,5.083395432399999
2025-05-18 04:34:44,103924,103925.16666666667,5.367551219293569
2025-05-18 04:35:54,103920,103923.33333333333,5.696224164102367
2025-05-18 04:36:04,103920,103922.66666666667,5.67490488773934
2025-05-18 04:36:15,103915,103921.16666666667,6.2425713451745315
2025-05-18 04:36:25,103915,103919.66666666667,6.345482766868387
2025-05-18 04:36:35,103915,103918.16666666667,6.007570983348963
2025-05-18 04:36:45,103915,103916.66666666667,5.142661735484922
2025-05-18 04:37:56,103922,103917.0,4.086192570770422
2025-05-18 04:38:06,103922,103917.33333333333,3.95428421648832
2025-05-18 04:38:16,103922,103918.5,3.8098755286111596
2025-05-18 04:38:26,103923,103919.83333333333,3.7203372319242227
2025-05-18 04:38:36,103923,103921.16666666667,3.6265017826862427
2025-05-18 04:38:46,103923,103922.5,3.528026321508094
2025-05-18 04:39:57,103922,103922.5,3.5960837323608112
2025-05-18 04:40:07,103922,103922.5,3.654594455536544
2025-05-18 04:40:17,103922,103922.5,3.343922578403027
2025-05-18 04:40:27,103921,103922.16666666667,2.8603877727473472
2025-05-18 04:40:37,103921,103921.83333333333,2.1532216943817715
2025-05-18 04:40:47,103921,103921.5,0.7385489654551527
2025-05-18 04:41:58,103916,103920.5,1.8829377510278702
2025-05-18 04:42:08,103916,103919.5,2.4494897486337237
2025-05-18 04:42:18,103916,103918.5,2.8123106047558664
2025-05-18 04:42:28,103915,103917.5,3.0993645533286283
2025-05-18 04:42:39,103915,103916.5,3.214550258052649
2025-05-18 04:42:49,103915,103915.5,3.176619133443314
2025-05-18 04:43:59,103911,103914.66666666667,3.6296339281057945
2025-05-18 04:44:11,103911,103913.83333333333,3.7979260724539756
2025-05-18 04:44:21,103911,103913.0,3.720337231792744
2025-05-18 04:44:31,103910,103912.16666666667,3.663910813785195
2025-05-18 04:44:41,103910,103911.33333333333,3.3427896211324324
2025-05-18 04:44:51,103910,103910.5,2.6628760988058744
2025-05-18 04:45:01,103910,103910.33333333333,2.611164844420713
2025-05-18 04:46:12,103905,103909.33333333333,3.146667312862482
2025-05-18 04:46:22,103905,103908.33333333333,3.339388443653445
2025-05-18 04:46:32,103905,103907.5,3.406766888407543
2025-05-18 04:46:42,103904,103906.5,3.369875462347322
2025-05-18 04:46:52,103904,103905.5,3.0451153177135026
2025-05-18 04:47:02,103904,103904.5,3.088345643411686
2025-05-18 04:47:12,103904,103904.33333333333,3.0100840662278254
2025-05-18 04:48:23,103901,103903.66666666667,3.1333978111813887
2025-05-18 04:48:33,103901,103903.0,3.16586912197445
2025-05-18 04:48:44,103923,103906.16666666667,5.944184835478346
2025-05-18 04:48:54,103923,103909.33333333333,7.6212422451061395
2025-05-18 04:49:04,103923,103912.5,8.847187536062485
2025-05-18 04:49:14,103923,103915.66666666667,9.685978620877034
2025-05-18 04:49:24,103922,103919.16666666667,10.121609048133225
2025-05-18 04:49:34,103923,103922.83333333333,10.413787482163018
2025-05-18 04:50:45,103934,103924.66666666667,11.610796961793051
2025-05-18 04:50:55,103934,103926.5,12.146517147558397
2025-05-18 04:51:05,103934,103928.33333333333,12.109037447606386
2025-05-18 04:51:15,103934,103930.16666666667,11.492751339986315
2025-05-18 04:51:25,103934,103932.16666666667,9.556847459466066
2025-05-18 04:51:35,103934,103934.0,5.838093298693401
2025-05-18 04:51:45,103941,103935.16666666667,6.584531922421127
2025-05-18 04:52:56,103943,103936.66666666667,7.178988704523895
2025-05-18 04:53:06,103943,103938.16666666667,7.325236579209247
2025-05-18 04:53:16,103956,103941.83333333333,9.105442929488039
2025-05-18 04:53:27,103943,103943.33333333333,8.136617570471715
2025-05-18 04:53:37,103943,103944.83333333333,6.775065696032273
2025-05-18 04:53:47,103956,103947.33333333333,8.035432897654173
2025-05-18 04:54:57,103956,103949.5,8.71214756455148
2025-05-18 04:55:07,103956,103951.66666666667,8.938764746149946
2025-05-18 04:55:18,103960,103952.33333333333,9.19939062736588
2025-05-18 04:55:28,103956,103954.5,8.522252514175191
2025-05-18 04:55:38,103956,103956.66666666667,7.300373591984114
2025-05-18 04:55:48,103960,103957.33333333333,7.04960777167838
2025-05-18 04:56:59,103959,103957.83333333333,6.62410657498299
2025-05-18 04:57:09,103959,103958.33333333333,5.846521890849111
2025-05-18 04:57:19,103959,103958.16666666667,5.956280111421286
2025-05-18 04:57:29,103959,103958.66666666667,4.601547833404974
2025-05-18 04:57:39,103959,103959.16666666667,1.7298625037081863
2025-05-18 04:57:49,103958,103958.83333333333,1.6213537301144363
2025-05-18 04:59:00,103959,103958.83333333333,1.4974726314302536
2025-05-18 04:59:10,103959,103958.83333333333,1.3113721856298763
2025-05-18 04:59:20,103959,103958.83333333333,1.2431631369097778
2025-05-18 04:59:30,103959,103958.83333333333,0.9653073196763057
2025-05-18 04:59:40,103958,103958.66666666667,0.5149286890557131
2025-05-18 04:59:50,103958,103958.66666666667,0.4522670606527894
2025-05-18 05:01:01,103957,103958.33333333333,0.6685579530042594
2025-05-18 05:01:11,103957,103958.0,0.7929614860105524
2025-05-18 05:01:21,103957,103957.66666666667,0.8660254265689707
2025-05-18 05:01:31,103957,103957.33333333333,0.9003366592710721
2025-05-18 05:01:41,103957,103957.16666666667,0.9003366592464607
2025-05-18 05:02:52,103956,103956.83333333333,1.0552897246585249
2025-05-18 05:03:02,103964,103958.0,2.0816660089384804
2025-05-18 05:03:12,103964,103959.16666666667,2.6784776392175353
2025-05-18 05:03:22,103964,103960.33333333333,3.1042492934711747
2025-05-18 05:03:33,103962,103961.16666666667,3.222788183557954
2025-05-18 05:03:43,103962,103962.0,3.2879486158398734
2025-05-18 05:04:53,103962,103963.0,3.3154825112334585
2025-05-18 05:05:04,103972,103964.33333333333,4.667748796584994
2025-05-18 05:05:14,103972,103965.66666666667,5.401318585738325
2025-05-18 05:05:24,103972,103967.0,5.757735248531137
2025-05-18 05:05:34,103972,103968.66666666667,5.8068663675538135
2025-05-18 05:05:44,103972,103970.33333333333,5.55686853542455
2025-05-18 05:06:55,103976,103972.66666666667,5.219427582021382
2025-05-18 05:07:05,103979,103973.83333333333,5.961365517200443
2025-05-18 05:07:15,103979,103975.0,6.358006170670291
2025-05-18 05:07:25,103979,103976.16666666667,6.473137971170591
2025-05-18 05:07:35,103979,103977.33333333333,6.030226895085911
2025-05-18 05:07:45,103979,103978.5,5.142661736866859
2025-05-18 05:08:56,103989,103980.66666666667,5.122736015622251
2025-05-18 05:09:06,103989,103982.33333333333,5.991787312240771
2025-05-18 05:09:16,103989,103984.0,6.41730615022449
2025-05-18 05:09:26,103989,103985.66666666667,6.487166822079733
2025-05-18 05:09:36,103989,103987.33333333333,6.213377555765312
2025-05-18 05:09:47,103989,103989.0,5.545268257235216
2025-05-18 05:10:57,103992,103989.5,5.43487615616196
2025-05-18 05:11:07,103987,103989.16666666667,5.101247623648326
2025-05-18 05:11:17,103987,103988.83333333333,4.640892029883155
2025-05-18 05:11:28,103987,103988.5,4.010403144146945
2025-05-18 05:11:38,103987,103988.16666666667,3.107907809834429
2025-05-18 05:11:48,103987,103987.83333333333,1.5050420461141214
2025-05-18 05:12:58,103989,103987.33333333333,1.5050420461141214
2025-05-18 05:13:09,103992,103988.16666666667,1.8257418707975384
2025-05-18 05:13:19,103992,103989.0,2.0652243366350276
2025-05-18 05:13:29,103992,103989.83333333333,2.2495790953229227
2025-05-18 05:13:39,103992,103990.66666666667,2.391588805633734
2025-05-18 05:13:49,103992,103991.5,2.498484398188089
2025-05-18 05:15:00,103997,103992.83333333333,3.2321772449202846
2025-05-18 05:15:10,103997,103993.66666666667,3.629633930568087
2025-05-18 05:15:20,103997,103994.5,3.7929360239941228
2025-05-18 05:15:30,103997,103995.33333333333,3.7527767558359497
2025-05-18 05:15:40,103997,103996.16666666667,3.502163839832103
2025-05-18 05:16:51,104000,103997.5,3.3439225810102133
2025-05-18 05:17:01,104000,103998.0,3.203927521215923
2025-05-18 05:17:11,104003,103999.0,3.6762959023008968
2025-05-18 05:17:21,104003,104000.0,3.8641710919686476
2025-05-18 05:17:31,104003,104001.0,3.809875530959931
2025-05-18 05:17:41,104003,104002.0,3.502163839896428
2025-05-18 05:18:52,103998,104001.66666666667,2.7455197748773195
2025-05-18 05:19:02,103998,104001.33333333333,2.6742317023556357
2025-05-18 05:19:12,103992,103999.5,3.4145411046609557
2025-05-18 05:19:22,103989,103997.16666666667,4.501683192030901
2025-05-18 05:19:33,103992,103995.33333333333,4.877281910459378
2025-05-18 05:19:43,103989,103993.0,5.551412600799116
2025-05-18 05:20:53,103989,103991.5,5.991787312440525
2025-05-18 05:21:03,103989,103990.0,6.257117163471306
2025-05-18 05:21:14,103987,103989.16666666667,6.257117163459184
2025-05-18 05:21:24,103987,103988.83333333333,5.939084720587462
2025-05-18 05:21:34,103987,103988.0,5.245488686534083
2025-05-18 05:21:44,103987,103987.66666666667,3.9848196852560993
2025-05-18 05:22:55,104000,103989.5,4.358898948729484
2025-05-18 05:23:05,104000,103991.33333333333,4.696871949059048
2025-05-18 05:23:15,104000,103993.5,5.416025607274912
2025-05-18 05:23:25,104003,103996.16666666667,6.302957462392965
2025-05-18 05:23:35,104003,103998.83333333333,6.986458767227804
2025-05-18 05:23:45,104003,104001.5,7.341765128171387
2025-05-18 05:24:56,104002,104001.83333333333,7.401883465291155
2025-05-18 05:25:06,104002,104002.16666666667,7.287910291000907
2025-05-18 05:25:16,104002,104002.5,6.728501119786727
2025-05-18 05:25:26,103988,104000.0,6.584531923555914
2025-05-18 05:25:37,103988,103997.5,6.436166752851844
2025-05-18 05:25:47,103985,103994.5,6.768912901230431
2025-05-18 05:41:48,104003,103994.66666666667,6.903556399087691
2025-05-18 05:41:58,104003,103994.83333333333,7.02592601796827
2025-05-18 05:42:08,104003,103995.0,7.1366531531367485
2025-05-18 05:42:18,104003,103997.5,7.1366531531367485
2025-05-18 05:42:28,104003,104000.0,7.1366531531367485
2025-05-18 05:58:18,103941,103992.66666666667,17.98210389948141
2025-05-18 05:58:28,103941,103982.33333333333,23.23985604808996
2025-05-18 05:58:39,103941,103972.0,26.46595869681225
2025-05-18 05:58:49,103941,103961.66666666667,28.36237371004241
2025-05-18 05:58:59,103941,103951.33333333333,30.09819787287805
2025-05-18 05:59:09,103941,103941.0,31.207516577774815
2025-05-18 05:59:19,103934,103939.83333333333,32.499300692432094
2025-05-18 05:59:29,103934,103938.66666666667,31.494588280387514
2025-05-18 05:59:39,103934,103937.5,29.248543087967963
2025-05-18 05:59:49,103934,103936.33333333333,25.434407619403856
2025-05-18 05:59:59,103934,103935.16666666667,19.136471605155794
2025-05-18 06:01:10,103934,103934.0,3.6556307805178556
2025-05-18 06:01:20,103930,103933.33333333333,4.055486374864005
2025-05-18 06:01:30,103930,103932.66666666667,4.206776644487778
2025-05-18 06:01:40,103930,103932.0,4.136863111486434
2025-05-18 06:01:51,103930,103931.33333333333,3.8336627050924226
2025-05-18 06:02:01,103930,103930.66666666667,3.232177243951534
2025-05-18 06:03:11,103923,103928.83333333333,3.3154825111295634
2025-05-18 06:03:21,103923,103927.66666666667,3.9886201809871564
2025-05-18 06:03:32,103923,103926.5,4.358029862382315
2025-05-18 06:03:42,103923,103925.33333333333,4.4991581747385005
2025-05-18 06:03:52,103923,103924.16666666667,4.433857344106332
2025-05-18 06:04:02,103923,103923.0,4.152399821925266
2025-05-18 06:04:12,103888,103917.16666666667,11.560119535483858
2025-05-18 06:05:23,103889,103911.5,14.884148575778546
2025-05-18 06:05:33,103889,103905.83333333333,16.851400446470006
2025-05-18 06:05:43,103889,103900.16666666667,17.91456999816051
2025-05-18 06:05:53,103889,103894.5,18.232505106566116
2025-05-18 06:06:03,103889,103888.83333333333,17.845082508444463
2025-05-18 06:06:13,103882,103887.83333333333,18.19840152918695
2025-05-18 06:06:23,103882,103886.66666666667,17.84508250841394
2025-05-18 06:06:33,103882,103885.5,16.740442774220536
2025-05-18 06:07:44,103882,103884.33333333333,14.716255700825121
2025-05-18 06:07:54,103882,103883.16666666667,11.288234691815491
2025-05-18 06:08:04,103882,103882.0,3.5791907036799144
2025-05-18 06:08:14,103882,103882.0,3.604500558337608
2025-05-18 06:08:24,103885,103882.5,3.3698754633730585
2025-05-18 06:08:35,103885,103883.0,3.078517948593142
2025-05-18 06:08:45,103885,103883.5,2.7122058621268317
2025-05-18 06:09:55,103882,103883.5,2.2292817233637106
2025-05-18 06:10:05,103882,103883.5,1.3568010625277889
2025-05-18 06:10:16,103882,103883.5,1.3568010625277889
2025-05-18 06:10:26,103882,103883.0,1.3568010625277889
2025-05-18 06:10:36,103882,103882.5,1.3568010625277889
2025-05-18 06:10:46,103882,103882.0,1.3568010625277889
2025-05-18 06:11:57,103900,103885.0,5.136765876393039
2025-05-18 06:12:07,103900,103888.0,6.784005255406166
2025-05-18 06:12:17,103900,103891.0,7.794228636163053
2025-05-18 06:12:27,103900,103894.0,8.565257520736681
2025-05-18 06:12:37,103900,103897.0,9.086703574520435
2025-05-18 06:12:47,103900,103900.0,9.400193423370748
2025-05-18 06:13:58,103900,103900.0,9.268715711595759
2025-05-18 06:14:08,103900,103900.0,8.862587352397979
2025-05-18 06:14:18,103900,103900.0,8.140806305661025
2025-05-18 06:14:28,103900,103900.0,7.006490499859465
2025-05-18 06:14:38,103894,103899.0,5.3257521907654946
2025-05-18 06:14:48,103894,103898.0,2.335496839742061
2025-05-18 06:15:59,103899,103897.83333333333,2.314316451990185
2025-05-18 06:16:09,103899,103897.66666666667,2.28963409223147
2025-05-18 06:16:19,103899,103897.5,2.261335091823394
2025-05-18 06:16:29,103899,103897.33333333333,2.2292817236868823
2025-05-18 06:16:39,103899,103898.16666666667,2.193309393237456
2025-05-18 06:16:49,103899,103899.0,2.1532216955558345
2025-05-18 06:17:00,103899,103899.0,2.1087839459763655
2025-05-18 06:18:10,103901,103899.33333333333,2.195035729101289
2025-05-18 06:18:20,103901,103899.66666666667,2.2746961243435284
2025-05-18 06:18:30,103901,103900.0,2.3484359793329666
2025-05-18 06:18:40,103903,103900.66666666667,2.1514618083456885
2025-05-18 06:18:51,103903,103901.33333333333,1.5859229329465703
2025-05-18 06:19:01,103903,103902.0,1.7320508174261782
2025-05-18 06:20:11,103904,103902.5,1.9286516025229716
2025-05-18 06:20:21,103904,103903.0,2.0150945622712086
2025-05-18 06:20:32,103904,103903.5,2.0056737788300047
2025-05-18 06:20:42,103905,103903.83333333333,2.0056737788489674
2025-05-18 06:20:52,103905,103904.16666666667,1.8647446907795266
2025-05-18 06:21:02,103905,103904.5,1.5447859628321854
2025-05-18 06:21:12,103905,103904.66666666667,1.4433756849770083
2025-05-18 06:22:23,103904,103904.66666666667,1.1934162974105103
2025-05-18 06:22:33,103904,103904.66666666667,0.7929614829896796
2025-05-18 06:22:43,103904,103904.5,0.7177405867582682
2025-05-18 06:22:53,103909,103905.16666666667,1.497472629876606
2025-05-18 06:23:03,103909,103905.83333333333,1.8504708749731262
2025-05-18 06:23:13,103909,103906.5,2.108783946239706
2025-05-18 06:23:23,103909,103907.33333333333,2.2563043070306716
2025-05-18 06:23:33,103909,103908.16666666667,2.3143164522473323
2025-05-18 06:24:44,103908,103908.83333333333,2.309401084361871
2025-05-18 06:24:54,103907,103908.5,2.2495790930194097
2025-05-18 06:25:04,103907,103908.16666666667,2.174229234106965
2025-05-18 06:25:14,103907,103907.83333333333,2.0816660079220237
2025-05-18 06:25:25,103907,103907.5,1.8319554146621408
2025-05-18 06:25:35,103907,103907.16666666667,1.4974726300403205
2025-05-18 06:25:45,103907,103907.0,0.9962049376329108
2025-05-18 06:26:55,103901,103906.0,2.179449479849266
2025-05-18 06:27:05,103901,103905.0,2.745519772822934
2025-05-18 06:27:16,103902,103904.16666666667,2.9232609497636743
2025-05-18 06:27:26,103901,103903.16666666667,3.084663928203658
2025-05-18 06:27:36,103901,103902.16666666667,3.084663928178212
2025-05-18 06:27:46,103901,103901.16666666667,3.0587678304463046
2025-05-18 06:28:57,103890,103899.33333333333,4.942088876013014
2025-05-18 06:29:07,103890,103897.5,5.925676028728992
2025-05-18 06:29:17,103890,103895.5,6.43616675185726
2025-05-18 06:29:27,103890,103893.66666666667,6.5845319225603856
2025-05-18 06:29:37,103890,103891.83333333333,6.396021493235812
2025-05-18 06:29:47,103890,103890.0,5.838093298831016
2025-05-18 06:30:58,103877,103887.83333333333,7.645061787129755
2025-05-18 06:31:08,103877,103885.66666666667,8.607167557618725
2025-05-18 06:31:18,103877,103883.5,8.877960455493254
2025-05-18 06:31:28,103877,103881.33333333333,8.754219763464137
2025-05-18 06:31:38,103877,103879.16666666667,8.107235827179075
2025-05-18 06:31:48,103877,103877.0,6.789028584464979
2025-05-18 06:32:59,103874,103876.5,6.965281871155064
2025-05-18 06:33:09,103867,103874.83333333333,7.735690603948111
2025-05-18 06:33:19,103867,103873.16666666667,7.946792760621768
2025-05-18 06:33:29,103867,103871.5,7.645061786893533
2025-05-18 06:33:39,103867,103869.83333333333,6.762194374273685
2025-05-18 06:33:50,103867,103868.16666666667,4.999242369634764
2025-05-18 06:34:00,103867,103867.0,5.0294586759680655
2025-05-18 06:35:10,103867,103867.0,4.907477290935149
2025-05-18 06:35:20,103867,103867.0,4.621261801030988
2025-05-18 06:35:31,103867,103867.0,4.13686311002947
2025-05-18 06:35:41,103867,103867.0,3.369875462596174
2025-05-18 06:35:51,103867,103867.0,2.0207259488946963
2025-05-18 06:36:01,103867,103867.0,0.0
2025-05-18 06:37:12,103848,103863.83333333333,5.484827559742166
2025-05-18 06:37:22,103848,103860.66666666667,7.395739971320585
2025-05-18 06:37:32,103848,103857.5,8.593073321982578
2025-05-18 06:37:42,103848,103854.33333333333,9.354953315803966
2025-05-18 06:37:52,103848,103851.16666666667,9.78364436164243
2025-05-18 06:38:02,103848,103848.0,9.922426390737817
2025-05-18 06:38:12,103845,103847.5,10.039316650675927
2025-05-18 06:39:23,103845,103847.0,9.787128220889425
2025-05-18 06:39:33,103845,103846.5,9.135345941910503
2025-05-18 06:39:43,103845,103846.0,7.98673142225946
2025-05-18 06:39:53,103845,103845.5,6.065301213534513
2025-05-18 06:40:03,103845,103845.0,1.566698910815679
2025-05-18 06:40:13,103844,103844.83333333333,1.6422453286595158
2025-05-18 06:40:23,103844,103844.66666666667,1.642245328638706
2025-05-18 06:40:34,103844,103844.5,1.566698910750239
2025-05-18 06:41:44,103844,103844.33333333333,1.4034589384926812
2025-05-18 06:41:54,103844,103844.16666666667,1.1146408680389868
2025-05-18 06:42:04,103844,103844.0,0.5222329891428651
2025-05-18 06:42:15,103844,103844.0,0.5149286721097852
2025-05-18 06:42:25,103844,103844.0,0.4923659864578235
2025-05-18 06:42:35,103844,103844.0,0.4522670413906457
2025-05-18 06:42:45,103844,103844.0,0.3892495005579014
2025-05-18 06:43:56,103842,103843.66666666667,0.6685579399745935
2025-05-18 06:44:06,103842,103843.33333333333,0.778498958352513
2025-05-18 06:44:16,103838,103842.33333333333,1.800673280872504
2025-05-18 06:44:26,103838,103841.33333333333,2.3094010815112087
2025-05-18 06:44:36,103838,103840.33333333333,2.6227443452740347
2025-05-18 06:44:46,103838,103839.33333333333,2.8069178649532134
2025-05-18 06:45:57,103839,103838.83333333333,2.8001623368390445
2025-05-18 06:46:07,103839,103838.33333333333,2.7247463085438994
2025-05-18 06:46:17,103839,103838.5,2.5746432569212283
2025-05-18 06:46:27,103839,103838.66666666667,2.335496837100921
2025-05-18 06:46:37,103839,103838.83333333333,1.975225347402848
2025-05-18 06:46:47,103839,103839.0,1.4034589381765556
2025-05-18 06:47:58,103839,103839.0,1.083624679331247
2025-05-18 06:48:08,103839,103839.0,0.4923659856263912
2025-05-18 06:48:18,103850,103840.83333333333,3.2844906468752764
2025-05-18 06:48:28,103850,103842.66666666667,4.3762444142437555
2025-05-18 06:48:38,103850,103844.5,5.033222959016155
2025-05-18 06:48:49,103850,103846.33333333333,5.416025605119882
2025-05-18 06:49:59,103851,103848.33333333333,5.7735026938125715
2025-05-18 06:50:09,103851,103850.33333333333,5.928871323767032
2025-05-18 06:50:19,103833,103847.5,6.658328120146561
2025-05-18 06:50:30,103833,103844.66666666667,7.27802837256263
2025-05-18 06:50:40,103833,103841.83333333333,7.8141286195367705
2025-05-18 06:50:50,103833,103839.0,8.282877557228852
2025-05-18 06:51:00,103833,103836.0,8.695174559948294
2025-05-18 06:52:10,103851,103836.0,8.98314920943815
2025-05-18 06:52:21,103856,103839.83333333333,9.547330264196765
2025-05-18 06:52:31,103856,103843.66666666667,10.052890434238824
2025-05-18 06:52:41,103856,103847.5,10.508293983635891
2025-05-18 06:52:51,103856,103851.33333333333,10.919817959323812
2025-05-18 06:53:01,103834,103851.5,11.193545218902193
2025-05-18 06:54:12,103834,103848.66666666667,11.268083110789398
2025-05-18 06:54:22,103834,103845.0,11.196252079514297
2025-05-18 06:54:32,103834,103841.33333333333,11.1232761697824
2025-05-18 06:54:42,103834,103837.66666666667,11.049132696973029
2025-05-18 06:54:52,103834,103834.0,10.973797995509022
2025-05-18 06:55:02,103834,103834.0,10.89724735986196
2025-05-18 06:55:12,103834,103834.0,10.832051207188016
2025-05-18 06:56:23,103852,103837.0,10.392304846460837
2025-05-18 06:56:33,103854,103840.33333333333,10.142918115638148
2025-05-18 06:56:43,103854,103843.66666666667,9.884177746211359
2025-05-18 06:56:53,103854,103847.0,9.615328672294643
2025-05-18 06:57:03,103854,103850.33333333333,10.10700327364925
2025-05-18 06:57:14,103854,103853.66666666667,10.285323466486894
2025-05-18 06:57:24,103858,103854.66666666667,10.529899709948175
2025-05-18 06:57:34,103858,103855.33333333333,10.355791822241944
2025-05-18 06:58:44,103858,103856.0,9.740574310705519
2025-05-18 06:58:55,103858,103856.66666666667,8.589987125243908
2025-05-18 06:59:05,103858,103857.33333333333,6.6309650122800186
2025-05-18 06:59:15,103858,103858.0,2.329000311082863
2025-05-18 06:59:25,103858,103858.0,2.0597146082174707
2025-05-18 06:59:35,103858,103858.0,1.9694638620029952
2025-05-18 06:59:45,103858,103858.0,1.8090680743813212
2025-05-18 07:00:56,103858,103858.0,1.556997896380857
2025-05-18 07:01:06,103858,103858.0,1.1547005492772964
2025-05-18 07:01:16,103858,103858.0,0.0
2025-05-18 07:01:26,103858,103858.0,0.0
2025-05-18 07:01:36,103858,103858.0,0.0
2025-05-18 07:01:46,103858,103858.0,0.0
2025-05-18 07:02:57,103859,103858.16666666667,0.2886751783361166
2025-05-18 07:03:07,103859,103858.33333333333,0.3892495045420794
2025-05-18 07:03:17,103859,103858.5,0.45226704482528657
2025-05-18 07:03:27,103859,103858.66666666667,0.49236598961789235
2025-05-18 07:03:38,103864,103859.66666666667,1.6966991201195463
2025-05-18 07:03:48,103864,103860.66666666667,2.229281721820118
2025-05-18 07:04:58,103866,103861.83333333333,2.891995226367755
2025-05-18 07:05:08,103866,103863.0,3.284490647531502
2025-05-18 07:05:19,103866,103864.16666666667,3.4989175852548087
2025-05-18 07:05:29,103866,103865.33333333333,3.5675303437229786
2025-05-18 07:05:39,103866,103865.66666666667,3.4989175852909793
2025-05-18 07:05:49,103868,103866.33333333333,3.477198458139037
2025-05-18 07:06:59,103869,103866.83333333333,3.498917585328946
2025-05-18 07:07:10,103869,103867.33333333333,3.2983007602998144
2025-05-18 07:07:20,103869,103867.83333333333,2.8284271294652563
2025-05-18 07:07:30,103869,103868.33333333333,1.8989630414627883
2025-05-18 07:07:40,103869,103868.83333333333,1.7645499115820567
2025-05-18 07:08:51,103874,103869.83333333333,2.353269813430091
2025-05-18 07:09:01,103874,103870.66666666667,2.80016233777577
2025-05-18 07:09:11,103874,103871.5,3.028901195366043
2025-05-18 07:09:21,103874,103872.33333333333,3.088345643702667
2025-05-18 07:09:31,103874,103873.16666666667,2.9886147642277434
2025-05-18 07:09:41,103874,103874.0,2.712205861149132
2025-05-18 07:10:52,103872,103873.66666666667,2.4908925070670493
2025-05-18 07:11:02,103872,103873.33333333333,2.3354968383147052
2025-05-18 07:11:12,103872,103873.0,2.137330541921678
2025-05-18 07:11:22,103870,103872.33333333333,2.015094560526295
2025-05-18 07:11:32,103870,103871.66666666667,1.8809249892374993
2025-05-18 07:11:42,103872,103871.33333333333,1.5569978970807765
2025-05-18 07:12:53,103871,103871.16666666667,1.5642792986636602
2025-05-18 07:13:03,103871,103871.0,1.5275252405703164
2025-05-18 07:13:13,103871,103870.83333333333,1.443375682407568
2025-05-18 07:13:23,103871,103871.0,1.3026779050055464
2025-05-18 07:13:34,103871,103871.16666666667,1.0836246820039426
2025-05-18 07:13:44,103871,103871.0,0.7177405815088547
2025-05-18 07:14:54,103871,103871.0,0.6685579437554243
2025-05-18 07:15:04,103871,103871.0,0.6030227116968077
2025-05-18 07:15:14,103871,103871.0,0.5149286769393666
2025-05-18 07:15:25,103871,103871.0,0.4264014645885821
2025-05-18 07:15:35,103871,103871.0,0.28867518168494255
2025-05-18 07:15:45,103871,103871.0,0.0
2025-05-18 07:16:55,103871,103871.0,0.0
2025-05-18 07:17:06,103871,103871.0,0.0
2025-05-18 07:17:16,103871,103871.0,0.0
2025-05-18 07:17:26,103871,103871.0,0.0
2025-05-18 07:17:36,103871,103871.0,0.0
2025-05-18 07:17:46,103871,103871.0,0.0
2025-05-18 07:18:57,103873,103871.33333333333,0.5773502927335463
2025-05-18 07:19:07,103873,103871.66666666667,0.7784989616205141
2025-05-18 07:19:17,103873,103872.0,0.9045340487572491
2025-05-18 07:19:27,103873,103872.33333333333,0.9847319416320364
2025-05-18 07:19:37,103873,103872.66666666667,1.0298573142779899
2025-05-18 07:19:47,103881,103874.33333333333,2.80691786590089
2025-05-18 07:20:58,103881,103875.66666666667,3.6306773760414477
2025-05-18 07:21:08,103882,103877.16666666667,4.273774858619374
2025-05-18 07:21:18,103882,103878.66666666667,4.638442792802035
2025-05-18 07:21:28,103882,103880.16666666667,4.788717804245495
2025-05-18 07:21:38,103882,103881.66666666667,4.745013334224359
2025-05-18 07:21:48,103882,103881.83333333333,4.501683189863362
2025-05-18 07:22:59,103889,103883.16666666667,5.177895913131828
2025-05-18 07:23:09,103889,103884.33333333333,5.429297629872382
2025-05-18 07:23:19,103889,103885.5,5.316498052426942
2025-05-18 07:23:30,103889,103886.66666666667,4.813963278879615
2025-05-18 07:23:40,103889,103887.83333333333,3.7688918106737384
2025-05-18 07:23:50,103889,103889.0,3.7527767531905103
2025-05-18 07:24:00,103891,103889.33333333333,3.7929360213733507
2025-05-18 07:25:11,103892,103889.83333333333,3.872005199920979
2025-05-18 07:25:21,103892,103890.33333333333,3.752776753158587
2025-05-18 07:25:31,103892,103890.83333333333,3.414541101628512
2025-05-18 07:25:41,103892,103891.33333333333,2.7784342704487264
2025-05-18 07:25:51,103892,103891.83333333333,1.505042039455372
2025-05-18 07:26:01,103892,103892.0,1.497472626713887
2025-05-18 07:27:12,103895,103892.5,1.8504708723706589
2025-05-18 07:27:22,103895,103893.0,2.01509456000751
2025-05-18 07:27:32,103895,103893.5,2.0375267302777367
2025-05-18 07:27:42,103895,103894.0,1.9227505615564133
2025-05-18 07:27:52,103895,103894.5,1.6422453293827675
2025-05-18 07:28:02,103895,103895.0,1.566698911533416
2025-05-18 07:28:13,103898,103895.5,1.954016848176674
2025-05-18 07:29:23,103897,103895.83333333333,2.0207259482777427
2025-05-18 07:29:33,103897,103896.16666666667,1.99240984597353
2025-05-18 07:29:43,103897,103896.5,1.8647446881093983
2025-05-18 07:29:54,103897,103896.83333333333,1.614329777506678
2025-05-18 07:30:04,103897,103897.16666666667,1.1645001633630896
2025-05-18 07:30:14,103897,103897.0,1.1381803766696272
2025-05-18 07:30:24,103905,103898.33333333333,2.7122058606000587
2025-05-18 07:30:34,103905,103899.66666666667,3.449857268865096
2025-05-18 07:31:45,103929,103905.0,9.49760735542746
2025-05-18 07:31:55,103929,103910.33333333333,12.287897471294617
2025-05-18 07:32:05,103929,103915.66666666667,13.937903412531224
2025-05-18 07:32:15,103929,103921.0,15.06350194776354
2025-05-18 07:32:25,103935,103926.0,16.258331198299096
2025-05-18 07:32:35,103935,103931.0,16.72957823431591
2025-05-18 07:32:45,103935,103932.0,16.53920961121669
2025-05-18 07:33:56,103935,103933.0,15.663120166513107
2025-05-18 07:34:06,103935,103934.0,13.972917528516092
2025-05-18 07:34:16,103935,103935.0,11.102825193977958
2025-05-18 07:34:26,103936,103935.16666666667,8.586017527594835
2025-05-18 07:34:36,103936,103935.33333333333,3.0993645509434544
2025-05-18 07:34:46,103936,103935.5,2.895921899800036
2025-05-18 07:35:57,103915,103932.16666666667,6.067174472059825
2025-05-18 07:36:07,103936,103932.33333333333,6.02771377446924
2025-05-18 07:36:17,103915,103929.0,7.954415584235409
2025-05-18 07:36:27,103936,103929.0,7.993842328034848
2025-05-18 07:36:38,103936,103929.0,8.032132439712946
2025-05-18 07:36:48,103936,103929.0,8.069302099781602
2025-05-18 07:37:58,103949,103934.66666666667,9.404624910671485
2025-05-18 07:38:08,103949,103936.83333333333,10.431232241379428
2025-05-18 07:38:18,103949,103942.5,11.234079644859781
2025-05-18 07:38:29,103948,103944.5,11.779218989902969
2025-05-18 07:38:39,103948,103946.5,12.21120945587732
2025-05-18 07:38:49,103948,103948.5,12.54174846489589
2025-05-18 07:40:00,103950,103948.66666666667,10.403961949781811
2025-05-18 07:40:10,103950,103948.83333333333,10.495309197976967
2025-05-18 07:40:20,103950,103949.0,5.925676026588864
2025-05-18 07:40:30,103948,103949.0,5.083395430118401
2025-05-18 07:40:40,103948,103949.0,3.7929360189682177
2025-05-18 07:41:51,103951,103949.5,1.044465939132401
2025-05-18 07:42:01,103951,103949.66666666667,1.193416285824787
2025-05-18 07:42:11,103951,103949.83333333333,1.302677897229623
2025-05-18 07:42:21,103951,103950.0,1.3816985619100413
2025-05-18 07:42:31,103951,103950.5,1.35680105310209
2025-05-18 07:42:41,103949,103950.66666666667,1.267304467291148
2025-05-18 07:43:52,103948,103950.16666666667,1.267304467291148
2025-05-18 07:44:02,103948,103949.66666666667,1.3706888361729506
2025-05-18 07:44:12,103948,103949.16666666667,1.445997613343283
2025-05-18 07:44:22,103948,103948.66666666667,1.4974726205750937
2025-05-18 07:44:32,103948,103948.16666666667,1.4974726205750937
2025-05-18 07:44:42,103949,103948.16666666667,1.443375675370013
2025-05-18 07:45:53,103946,103947.83333333333,1.6514456498302186
2025-05-18 07:46:03,103946,103947.5,1.729862494433999
2025-05-18 07:46:13,103946,103947.16666666667,1.6966991148009565
2025-05-18 07:46:23,103946,103946.83333333333,1.5447859540714617
2025-05-18 07:46:34,103946,103946.5,1.2309149129169565
2025-05-18 07:46:44,103938,103944.66666666667,2.8749176550245754
2025-05-18 07:47:54,103937,103943.16666666667,3.896385272297789
2025-05-18 07:48:04,103937,103941.66666666667,4.50168318786152
2025-05-18 07:48:15,103937,103940.16666666667,4.849242366002843
2025-05-18 07:48:25,103937,103938.66666666667,4.993177164017006
2025-05-18 07:48:35,103937,103937.16666666667,4.9512777668955525
2025-05-18 07:48:45,103930,103935.83333333333,5.462683324276469
2025-05-18 07:49:56,103929,103934.5,6.012613006213769
2025-05-18 07:50:06,103929,103933.16666666667,6.171169528125562
2025-05-18 07:50:16,103929,103931.83333333333,5.969620058968862
2025-05-18 07:50:26,103929,103930.5,5.367551217568841
2025-05-18 07:50:36,103929,103929.16666666667,4.195957652219044
2025-05-18 07:50:46,103922,103927.83333333333,4.987864061145778
2025-05-18 07:51:57,103918,103926.0,6.092096221987855
2025-05-18 07:52:07,103918,103924.16666666667,6.624106573249781
2025-05-18 07:52:17,103918,103922.33333333333,6.721178649605025
2025-05-18 07:52:27,103918,103920.5,6.403124238710749
2025-05-18 07:52:37,103918,103918.66666666667,5.599648258874429
2025-05-18 07:52:47,103917,103917.83333333333,5.573204291798853
2025-05-18 07:53:58,103912,103916.83333333333,6.00694043182177
2025-05-18 07:54:08,103912,103915.83333333333,6.060303024271022
2025-05-18 07:54:18,103912,103914.83333333333,5.743903225309886
2025-05-18 07:54:28,103912,103913.83333333333,4.987864061767624
2025-05-18 07:54:38,103912,103912.83333333333,3.519426609099726
2025-05-18 07:54:48,103908,103911.33333333333,3.5791907020390896
2025-05-18 07:55:59,103905,103910.16666666667,4.337992835351625
2025-05-18 07:56:09,103905,103909.0,4.718596352407087
2025-05-18 07:56:19,103905,103907.83333333333,4.811602142088028
2025-05-18 07:56:29,103905,103906.66666666667,4.634357857344269
2025-05-18 07:56:40,103902,103905.0,4.5016831894657665
2025-05-18 07:56:50,103902,103904.0,4.119429207226645
2025-05-18 07:57:00,103902,103903.5,4.174235552556557
2025-05-18 07:58:10,103893,103901.5,5.446016060728813
2025-05-18 07:58:21,103902,103901.0,5.071459059744884
2025-05-18 07:58:31,103902,103900.5,4.501683189705317
2025-05-18 07:58:41,103902,103900.5,3.6462932645545716
2025-05-18 07:58:51,103893,103899.0,4.210376794715262
2025-05-18 07:59:01,103893,103897.5,4.700096713635637
2025-05-18 08:00:12,103890,103897.0,5.344921126201693
2025-05-18 08:00:22,103890,103895.0,5.624621201825051
2025-05-18 08:00:32,103890,103893.0,5.594234047089777
2025-05-18 08:00:42,103890,103891.0,5.642774948506368
2025-05-18 08:00:52,103890,103890.5,5.495866217762473
2025-05-18 08:01:02,103883,103888.83333333333,5.936533017854781
2025-05-18 08:01:12,103883,103887.66666666667,6.624106574383085
2025-05-18 08:02:23,103879,103885.83333333333,6.894771846743297
2025-05-18 08:02:33,103879,103884.0,6.5712874091269695
2025-05-18 08:02:43,103879,103882.16666666667,5.5507302306045325
2025-05-18 08:02:53,103879,103880.33333333333,5.550730230649994
2025-05-18 08:03:04,103879,103879.66666666667,5.2764485332697575
2025-05-18 08:03:14,103879,103879.0,5.1404515811321545
2025-05-18 08:03:24,103879,103879.0,4.813963279705622
2025-05-18 08:03:34,103856,103875.16666666667,8.52225251410134
2025-05-18 08:04:45,103856,103871.33333333333,10.225858489865528
2025-05-18 08:04:55,103856,103867.5,10.90836487656294
2025-05-18 08:05:05,103854,103863.33333333333,11.881995548754754
2025-05-18 08:05:15,103854,103859.16666666667,12.273092027626051
2025-05-18 08:05:25,103854,103855.0,12.555332081508853
2025-05-18 08:05:35,103854,103854.66666666667,12.456895378288252
2025-05-18 08:05:45,103854,103854.33333333333,11.968392719348415
2025-05-18 08:06:56,103852,103853.66666666667,11.163726435279091
2025-05-18 08:07:06,103848,103852.66666666667,10.04535170877642
2025-05-18 08:07:16,103848,103851.66666666667,7.913835222172974
2025-05-18 08:07:26,103845,103850.16666666667,3.629633930615728
2025-05-18 08:07:36,103848,103849.16666666667,3.6793856598862975
2025-05-18 08:07:46,103848,103848.16666666667,3.5960837348944312
2025-05-18 08:08:57,103845,103847.0,3.6762959024058754
2025-05-18 08:09:07,103836,103845.0,5.339958011315051
2025-05-18 08:09:17,103836,103843.0,6.213377556053754
2025-05-18 08:09:27,103836,103841.5,6.617241029042267
2025-05-18 08:09:38,103836,103839.5,6.637816366075004
2025-05-18 08:09:48,103836,103837.5,6.278872707256385
2025-05-18 08:10:58,103831,103835.16666666667,6.416715863631823
2025-05-18 08:11:08,103824,103833.16666666667,7.680652595548911
2025-05-18 08:11:19,103824,103831.16666666667,8.251262532798048
2025-05-18 08:11:29,103824,103829.16666666667,8.637479994682034
2025-05-18 08:11:39,103824,103827.16666666667,8.205689086635887
2025-05-18 08:11:49,103824,103825.16666666667,7.164728423833249
2025-05-18 08:13:00,103830,103825.0,5.728054304476179
2025-05-18 08:13:10,103830,103826.0,5.418123352293715
2025-05-18 08:13:20,103831,103827.16666666667,5.060243142461112
2025-05-18 08:13:30,103831,103828.33333333333,4.634357860825906
2025-05-18 08:13:40,103831,103829.5,4.119429211041706
2025-05-18 08:14:51,103835,103831.33333333333,3.9571569294399285
2025-05-18 08:15:01,103835,103832.16666666667,4.358029864220121
2025-05-18 08:15:11,103835,103833.0,4.461960439513463
2025-05-18 08:15:21,103835,103833.66666666667,4.358029864146661
2025-05-18 08:15:31,103835,103834.33333333333,4.030189114231825
2025-05-18 08:15:41,103835,103835.0,3.4145411057450676
2025-05-18 08:16:52,103800,103829.16666666667,9.780546557504916
2025-05-18 08:17:02,103800,103823.33333333333,13.115743491240373
2025-05-18 08:17:12,103800,103817.5,15.321553447877385
2025-05-18 08:17:22,103794,103810.66666666667,17.611119078831685
2025-05-18 08:17:32,103794,103803.83333333333,19.100015866983412
2025-05-18 08:17:43,103794,103797.0,19.968156469410232
2025-05-18 08:18:53,103791,103795.5,20.200510046076182
2025-05-18 08:19:03,103791,103794.0,19.699253948387902
2025-05-18 08:19:13,103792,103792.66666666667,18.337533955770496
2025-05-18 08:19:24,103792,103792.33333333333,16.014198247800945
2025-05-18 08:19:34,103792,103792.0,12.19134069516443
2025-05-18 08:19:44,103792,103791.66666666667,3.5760143814091614
2025-05-18 08:20:54,103790,103791.5,3.289100467705029
2025-05-18 08:21:05,103790,103791.33333333333,2.7080128142460067
2025-05-18 08:21:15,103790,103791.0,1.5275252542639879
2025-05-18 08:21:25,103789,103790.5,1.5642793120758092
2025-05-18 08:21:35,103789,103790.0,1.477097915228757
2025-05-18 08:21:45,103789,103789.5,1.240112437387239
2025-05-18 08:22:56,103789,103789.33333333333,1.3113721970630874
2025-05-18 08:23:06,103789,103789.16666666667,1.3568010762414195
2025-05-18 08:23:16,103794,103789.83333333333,1.6764862451379117
2025-05-18 08:23:26,103794,103790.66666666667,1.9286516116643797
2025-05-18 08:23:36,103794,103791.5,2.1373305517881085
2025-05-18 08:23:46,103794,103792.33333333333,2.3143164596550676
2025-05-18 08:24:57,103797,103793.66666666667,2.876234924673333
2025-05-18 08:25:07,103797,103795.0,3.2321772485369697
2025-05-18 08:25:17,103797,103795.5,3.446561757401643
2025-05-18 08:25:27,103802,103796.83333333333,4.158780423862628
2025-05-18 08:25:37,103802,103798.16666666667,4.489043909298015
2025-05-18 08:25:47,103802,103799.5,4.521832567078834
2025-05-18 08:26:58,103809,103801.5,5.350587626229951
2025-05-18 08:27:08,103809,103803.5,5.545268259210356
2025-05-18 08:27:18,103809,103805.5,5.9314263249221275
2025-05-18 08:27:28,103809,103806.66666666667,6.017021316254964
2025-05-18 08:27:38,103817,103809.16666666667,6.919449974082895
2025-05-18 08:27:49,103817,103811.66666666667,7.178988706792595
2025-05-18 08:28:59,103819,103813.33333333333,7.585372690358588
2025-05-18 08:29:09,103817,103814.66666666667,7.279589569860494
2025-05-18 08:29:19,103819,103816.33333333333,6.70763924976679
2025-05-18 08:29:30,103819,103818.0,6.443225246510284
2025-05-18 08:29:40,103824,103819.16666666667,6.36515133965044
2025-05-18 08:29:50,103824,103820.33333333333,5.672902100574626
2025-05-18 08:30:00,103824,103821.16666666667,5.642774951329655
2025-05-18 08:31:11,103824,103822.33333333333,5.3000857682604385
2025-05-18 08:31:21,103824,103823.16666666667,4.575130407036976
2025-05-18 08:31:31,103833,103825.5,4.692837876124819
2025-05-18 08:31:41,103835,103827.33333333333,5.785954785997325
2025-05-18 08:31:51,103835,103829.16666666667,6.32635181842932
2025-05-18 08:32:01,103835,103831.0,6.68047812182272
2025-05-18 08:33:12,103838,103833.33333333333,6.833518109563809
2025-05-18 08:33:22,103838,103835.66666666667,6.801849128832147
2025-05-18 08:33:32,103838,103836.5,6.353238262440882
2025-05-18 08:33:42,103838,103837.0,6.2352857139091435
2025-05-18 08:33:52,103840,103837.83333333333,6.037759974472502
2025-05-18 08:34:02,103840,103838.66666666667,5.491039537811892
2025-05-18 08:34:12,103840,103839.0,4.468746694936398
2025-05-18 08:35:23,103843,103839.83333333333,2.832441936908206
2025-05-18 08:35:33,103843,103840.66666666667,2.7784342753790225
2025-05-18 08:35:43,103845,103841.83333333333,3.0883456478267326
2025-05-18 08:35:53,103845,103842.66666666667,3.137022337050597
2025-05-18 08:36:04,103845,103843.5,2.9374798604769192
2025-05-18 08:36:14,103845,103844.33333333333,2.9644356696623038
2025-05-18 08:36:24,103845,103844.66666666667,2.8643577824722977
2025-05-18 08:36:34,103845,103845.0,2.6227443508710806
2025-05-18 08:37:44,103848,103845.5,2.5346089392943774
2025-05-18 08:37:55,103848,103846.0,2.5346089392444453
2025-05-18 08:38:05,103848,103846.5,2.3354968432775656
2025-05-18 08:38:15,103848,103847.0,1.8748737465046716
2025-05-18 08:38:25,103848,103847.5,1.7816403885941086
2025-05-18 08:38:35,103848,103848.0,1.5666989195176386
2025-05-18 08:38:45,103857,103849.5,3.343922581536065
2025-05-18 08:39:56,103858,103851.16666666667,4.399552324398666
2025-05-18 08:40:06,103858,103852.83333333333,4.996968783004993
2025-05-18 08:40:16,103858,103854.5,5.2936497164943095
2025-05-18 08:40:26,103858,103856.16666666667,5.339958011346034
2025-05-18 08:40:36,103858,103857.83333333333,5.142661737303184
2025-05-18 08:40:46,103858,103858.0,5.0833954339523775
2025-05-18 08:41:57,103864,103859.0,5.517877286006144
2025-05-18 08:42:07,103864,103860.0,5.58338987266062
2025-05-18 08:42:17,103864,103861.0,5.293649716221892
2025-05-18 08:42:27,103864,103862.0,4.581749042363993
2025-05-18 08:42:37,103864,103863.0,3.1754264875077385
2025-05-18 08:42:48,103864,103864.0,3.133397814221726
2025-05-18 08:43:58,103863,103863.83333333333,3.028901198133599
2025-05-18 08:44:08,103863,103863.66666666667,2.8550858472472385
2025-05-18 08:44:19,103863,103863.5,2.598076219715738
2025-05-18 08:44:29,103863,103863.33333333333,2.2292817257951096
2025-05-18 08:44:39,103863,103863.16666666667,1.6764862372492575
2025-05-18 08:44:49,103863,103863.0,0.522233008939235
2025-05-18 08:46:00,103865,103863.33333333333,0.6685579554774833
2025-05-18 08:46:10,103865,103863.66666666667,0.778498971667531
2025-05-18 08:46:20,103865,103864.0,0.8660254284906719
2025-05-18 08:46:30,103865,103864.33333333333,0.9374368893661493
2025-05-18 08:46:40,103865,103864.66666666667,0.9962049413376438
2025-05-18 08:47:51,103863,103864.66666666667,1.0298573218477236
2025-05-18 08:48:01,103869,103865.33333333333,1.7752507411788798
2025-05-18 08:48:11,103869,103866.0,2.167249348666127
2025-05-18 08:48:21,103869,103866.66666666667,2.386832574579988
2025-05-18 08:48:31,103869,103867.33333333333,2.4802248271887186
2025-05-18 08:48:41,103869,103868.0,2.461829828049713
2025-05-18 08:49:52,103870,103869.16666666667,2.429303437803767
2025-05-18 08:50:02,103873,103869.83333333333,2.9063671031179084
2025-05-18 08:50:12,103870,103870.0,2.8603877748929865
2025-05-18 08:50:22,103873,103870.66666666667,3.0251471356238926
2025-05-18 08:50:32,103873,103871.33333333333,3.0251471355762267
2025-05-18 08:50:42,103870,103871.5,2.701009919575758
2025-05-18 08:51:53,103883,103873.66666666667,4.0104031434333
2025-05-18 08:52:03,103886,103875.83333333333,5.718126418324339
2025-05-18 08:52:13,103886,103878.5,6.703120036239704
2025-05-18 08:52:23,103886,103880.66666666667,7.26552674110739
2025-05-18 08:52:33,103886,103882.83333333333,7.501010035485781
2025-05-18 08:52:44,103886,103885.5,7.440674458702281
2025-05-18 08:53:54,103888,103886.33333333333,7.385489461208461
2025-05-18 08:54:04,103888,103886.66666666667,7.362373631528937
2025-05-18 08:54:15,103891,103887.5,6.928203232802054
2025-05-18 08:54:25,103891,103888.33333333333,6.501748019353761
2025-05-18 08:54:35,103891,103889.16666666667,5.624621202377582
2025-05-18 08:54:45,103891,103890.0,2.701009918283202
2025-05-18 08:55:56,103892,103890.66666666667,2.5045413363824185
2025-05-18 08:56:06,103892,103891.33333333333,2.558408602663453
2025-05-18 08:56:16,103899,103892.66666666667,3.6793856579839677
2025-05-18 08:56:26,103899,103894.0,4.2390679401919185
2025-05-18 08:56:36,103899,103895.33333333333,4.45431354109216
2025-05-18 08:56:46,103899,103896.66666666667,4.3762444153132245
2025-05-18 08:57:57,103898,103897.66666666667,4.217567879550736
2025-05-18 08:58:07,103898,103898.66666666667,3.861229200595414
2025-05-18 08:58:17,103900,103898.83333333333,3.8876260614695433
2025-05-18 08:58:27,103900,103899.0,3.7537859716323756
2025-05-18 08:58:37,103900,103899.16666666667,3.441062208179632
2025-05-18 08:58:47,103900,103899.33333333333,2.891995227007021
2025-05-18 08:59:58,103903,103900.16666666667,2.539088365150257
2025-05-18 09:00:08,103903,103901.0,1.6422453305515123
2025-05-18 09:00:18,103907,103902.16666666667,2.6111648447962263
2025-05-18 09:00:28,103907,103903.33333333333,3.1574826995530114
2025-05-18 09:00:38,103907,103904.5,3.485902347965137
2025-05-18 09:00:48,103907,103905.66666666667,3.655630778869298
2025-05-18 09:01:59,103908,103906.5,3.67629589976375
2025-05-18 09:02:09,103908,103907.33333333333,3.485902347840178
2025-05-18 09:02:19,103909,103907.66666666667,3.4761089396376734
2025-05-18 09:02:29,103909,103908.0,3.284490647650038
2025-05-18 09:02:40,103909,103908.33333333333,2.8749176582127394
2025-05-18 09:02:50,103909,103908.66666666667,2.1248885950179877
2025-05-18 09:03:00,103909,103908.83333333333,1.7232808812277358
2025-05-18 09:04:10,103909,103909.0,0.9374368802844056
2025-05-18 09:04:21,103909,103909.0,0.8876253790578178
2025-05-18 09:04:31,103927,103912.0,5.410427644629035
2025-05-18 09:04:41,103927,103915.0,7.19006048106378
2025-05-18 09:04:51,103927,103918.0,8.249885216435354
2025-05-18 09:05:01,103927,103921.0,8.928588745869693
2025-05-18 09:06:12,103917,103922.33333333333,8.668997356927859
2025-05-18 09:06:24,103917,103923.66666666667,8.413553280900043
2025-05-18 09:06:34,103916,103921.83333333333,8.095546850604125
2025-05-18 09:06:44,103916,103920.0,7.716570129771031
2025-05-18 09:06:54,103916,103918.16666666667,7.267090620227735
2025-05-18 09:07:04,103916,103916.33333333333,6.733003293857306
2025-05-18 09:07:14,103916,103916.16666666667,6.092096222579667
2025-05-18 09:07:24,103916,103916.0,5.305800144448278
2025-05-18 09:08:35,103918,103916.33333333333,4.813963278407024
2025-05-18 09:08:45,103918,103916.66666666667,4.119429207014787
2025-05-18 09:08:55,103918,103917.0,3.088345642911896
2025-05-18 09:09:05,103918,103917.33333333333,0.9374368785681714
2025-05-18 09:09:16,103918,103917.66666666667,0.9962049311779321
2025-05-18 09:09:26,103918,103918.0,1.0444659464788895
2025-05-18 09:09:36,103918,103918.0,1.0298573119523986
2025-05-18 09:09:46,103918,103918.0,0.9847319391600202
2025-05-18 09:10:56,103918,103918.0,0.9045340460226707
2025-05-18 09:11:07,103919,103918.16666666667,0.86602541655612
2025-05-18 09:11:17,103919,103918.33333333333,0.7385489607780086
2025-05-18 09:11:27,103919,103918.5,0.4522670410783116
2025-05-18 09:11:37,103919,103918.66666666667,0.49236598611856375
2025-05-18 09:11:47,103919,103918.83333333333,0.5149286717357897
2025-05-18 09:12:58,103917,103918.66666666667,0.6513389640620229
2025-05-18 09:13:08,103919,103918.66666666667,0.6685579397437952
2025-05-18 09:13:18,103917,103918.33333333333,0.7784989582037168
2025-05-18 09:13:28,103917,103918.0,0.8660254164289511
2025-05-18 09:13:38,103915,103917.33333333333,1.2792043067378607
2025-05-18 09:13:48,103915,103916.66666666667,1.5447859587939108
2025-05-18 09:14:59,103914,103916.16666666667,1.880924987912241
2025-05-18 09:15:09,103914,103915.33333333333,2.0449494380741253
2025-05-18 09:15:19,103914,103914.83333333333,2.1087839433239934
2025-05-18 09:15:29,103914,103914.33333333333,2.081666004952777
2025-05-18 09:15:39,103915,103914.33333333333,1.898963040466113
2025-05-18 09:15:50,103915,103914.33333333333,1.6236882889013016
2025-05-18 09:16:00,103915,103914.5,1.556997895783614
2025-05-18 09:17:10,103914,103914.5,1.0836246802656648
2025-05-18 09:17:20,103914,103914.5,0.887625377869483
2025-05-18 09:17:31,103913,103914.33333333333,0.6513389654898424
2025-05-18 09:17:41,103913,103914.0,0.7177405791507093
2025-05-18 09:17:51,103913,103913.66666666667,0.7385489620539045
2025-05-18 09:18:01,103913,103913.33333333333,0.7929614761955361
2025-05-18 09:19:12,103913,103913.16666666667,0.8348471243037094
2025-05-18 09:19:22,103913,103913.0,0.8660254176616414
2025-05-18 09:19:32,103913,103913.0,0.8876253781644433
2025-05-18 09:19:42,103912,103912.83333333333,0.9003366508296143
2025-05-18 09:19:52,103912,103912.66666666667,0.8348471245245935
2025-05-18 09:20:02,103912,103912.5,0.6685579417409493
2025-05-18 09:20:12,103912,103912.33333333333,0.6215815802849477
2025-05-18 09:21:23,103912,103912.16666666667,0.5149286745039812
2025-05-18 09:21:33,103912,103912.0,0.5222329915338666
2025-05-18 09:21:43,103912,103912.0,0.5149286745912234
2025-05-18 09:21:53,103913,103912.16666666667,0.5149286745912234
2025-05-18 09:22:03,103913,103912.33333333333,0.5149286745912234
2025-05-18 09:22:13,103913,103912.5,0.5149286745912234
2025-05-18 09:22:24,103913,103912.66666666667,0.5149286745912234
2025-05-18 09:22:34,103913,103912.83333333333,0.5149286745912234
2025-05-18 09:23:44,103915,103913.33333333333,0.8876253784711009
2025-05-18 09:23:54,103915,103913.66666666667,1.083624680751446
2025-05-18 09:24:05,103915,103914.0,1.1934162930829129
2025-05-18 09:24:15,103915,103914.33333333333,1.240112419136211
2025-05-18 09:24:25,103915,103914.66666666667,1.2309149195741962
2025-05-18 09:24:35,103915,103915.0,1.1645001631613674
2025-05-18 09:24:45,103915,103915.0,1.0298573126456556
2025-05-18 09:25:56,103915,103915.0,0.9847319398752347
2025-05-18 09:26:06,103915,103915.0,0.9045340467932871
2025-05-18 09:26:16,103915,103915.0,0.7784989592819789
2025-05-18 09:26:26,103915,103915.0,0.5773502895078982
2025-05-18 09:26:36,103915,103915.0,0.0
2025-05-18 09:26:46,103915,103915.0,0.0
2025-05-18 09:27:57,103915,103915.0,0.0
2025-05-18 09:28:07,103915,103915.0,0.0
2025-05-18 09:28:17,103915,103915.0,0.0
2025-05-18 09:28:27,103915,103915.0,0.0
2025-05-18 09:28:37,103915,103915.0,0.0
2025-05-18 09:28:47,103915,103915.0,0.0
2025-05-18 09:29:58,103915,103915.0,0.0
2025-05-18 09:30:08,103915,103915.0,0.0
2025-05-18 09:30:18,103915,103915.0,0.0
2025-05-18 09:30:28,103915,103915.0,0.0
2025-05-18 09:30:38,103915,103915.0,0.0
2025-05-18 09:30:49,103915,103915.0,0.0
2025-05-18 09:31:59,103915,103915.0,0.0
2025-05-18 09:32:09,103915,103915.0,0.0
2025-05-18 09:32:19,103915,103915.0,0.0
2025-05-18 09:32:30,103915,103915.0,0.0
2025-05-18 09:32:40,103915,103915.0,0.0
2025-05-18 09:32:50,103915,103915.0,0.0
2025-05-18 09:33:00,103918,103915.5,0.8660254172098497
2025-05-18 09:34:10,103920,103916.33333333333,1.6143297770591363
2025-05-18 09:34:21,103920,103917.16666666667,2.0207259478124255
2025-05-18 09:34:31,103920,103918.0,2.276360736886112
2025-05-18 09:34:41,103920,103918.83333333333,2.4293034338933572
2025-05-18 09:34:51,103920,103919.66666666667,2.4984843935130483
2025-05-18 09:35:01,103920,103920.0,2.490892506018905
2025-05-18 09:36:12,103930,103921.66666666667,4.177863745494151
2025-05-18 09:36:22,103930,103923.33333333333,5.029458675263527
2025-05-18 09:36:32,103925,103924.16666666667,4.907477290180862
2025-05-18 09:36:42,103930,103925.83333333333,5.122736013314246
2025-05-18 09:36:52,103930,103927.5,4.999242368748151
2025-05-18 09:37:02,103930,103929.16666666667,4.981024601341546
2025-05-18 09:37:12,103931,103929.33333333333,5.072205905262422
2025-05-18 09:38:23,103955,103933.5,9.633826139041307
2025-05-18 09:38:33,103955,103938.5,11.88836966739431
2025-05-18 09:38:43,103955,103942.66666666667,13.087988942515793
2025-05-18 09:38:53,103969,103949.16666666667,15.634073123674908
2025-05-18 09:39:04,103955,103953.33333333333,15.160504909197606
2025-05-18 09:39:14,103969,103959.66666666667,16.637853882866622
2025-05-18 09:39:24,103969,103962.0,17.342145196254595
2025-05-18 09:39:34,103969,103964.33333333333,16.735690405228343
2025-05-18 09:40:45,103984,103969.16666666667,17.686452613932246
2025-05-18 09:40:55,103984,103971.66666666667,17.359610036181213
2025-05-18 09:41:05,103984,103976.5,15.675448860236504
2025-05-18 09:41:15,104020,103985.0,18.893641707369508
2025-05-18 09:41:25,104020,103993.5,22.454499447746183
2025-05-18 09:41:35,104020,104002.0,24.236836477066817
2025-05-18 09:41:45,104020,104008.0,24.62983531955007
2025-05-18 09:42:56,104036,104016.66666666667,27.24245794964775
2025-05-18 09:43:06,104036,104025.33333333333,26.684889606612394
2025-05-18 09:43:16,104066,104033.0,30.549512717109465
2025-05-18 09:43:26,104066,104040.66666666667,31.810399480799536
2025-05-18 09:43:36,104066,104048.33333333333,30.789116533975857
2025-05-18 09:43:46,104066,104056.0,29.908952748559262
2025-05-18 09:44:57,104125,104070.83333333333,36.3421243182728
2025-05-18 09:45:07,104144,104088.83333333333,41.42344161354061
2025-05-18 09:45:18,104144,104101.83333333333,46.48843127465895
2025-05-18 09:45:28,104144,104114.83333333333,48.71834636640893
2025-05-18 09:45:38,104144,104127.83333333333,48.50577909905698
2025-05-18 09:45:48,104144,104140.83333333333,45.81674630924872
2025-05-18 09:46:59,104169,104148.16666666667,45.43026624230412
2025-05-18 09:47:09,104169,104152.33333333333,41.959847328273504
2025-05-18 09:47:19,104165,104155.83333333333,39.93593354121912
2025-05-18 09:47:29,104165,104159.33333333333,35.78587413778403
2025-05-18 09:47:39,104165,104162.83333333333,28.598580171084883
2025-05-18 09:47:49,104165,104166.33333333333,14.37458826535977
2025-05-18 09:49:00,104163,104165.33333333333,11.378808050312525
2025-05-18 09:49:10,104163,104164.33333333333,10.747797515451303
2025-05-18 09:49:20,104213,104172.33333333333,18.23312835508124
2025-05-18 09:49:30,104213,104180.33333333333,21.845878882667655
2025-05-18 09:49:40,104213,104188.33333333333,23.449978999205438
2025-05-18 09:49:50,104213,104196.33333333333,23.461121932545304
2025-05-18 09:50:01,104213,104204.66666666667,24.76067262816266
2025-05-18 09:51:11,104208,104212.16666666667,25.027711911864184
2025-05-18 09:51:21,104226,104214.33333333333,26.050068339854146
2025-05-18 09:51:31,104226,104216.5,25.970116857652066
2025-05-18 09:51:41,104226,104218.66666666667,24.777188920667342
2025-05-18 09:51:52,104226,104220.83333333333,22.29332689712343
2025-05-18 09:52:02,104226,104223.0,17.48159204717577
2025-05-18 09:52:12,104226,104226.0,7.354137150567228
2025-05-18 09:53:22,104217,104224.5,7.140897992432862
2025-05-18 09:53:32,104215,104222.66666666667,6.999458846101835
2025-05-18 09:53:43,104215,104220.83333333333,6.850680117887475
2025-05-18 09:53:53,104215,104219.0,6.6940724492904495
2025-05-18 09:54:03,104215,104217.16666666667,6.529072504918637
2025-05-18 09:54:13,104215,104215.33333333333,5.59761853191603
2025-05-18 09:54:23,104215,104215.0,5.5452682438088665
2025-05-18 09:54:33,104237,104218.66666666667,7.302967426246912
2025-05-18 09:55:44,104238,104222.5,8.77323753610135
2025-05-18 09:55:54,104238,104226.33333333333,9.92089926967667
2025-05-18 09:56:04,104238,104230.16666666667,10.848823419683061
2025-05-18 09:56:14,104238,104234.0,11.60981820193796
2025-05-18 09:56:24,104238,104237.83333333333,11.927495605060477
2025-05-18 09:56:34,104251,104240.16666666667,13.249070861026288
2025-05-18 09:56:44,104251,104242.33333333333,13.754062756722734
2025-05-18 09:57:55,104264,104246.66666666667,15.300029705239917
2025-05-18 09:58:05,104264,104251.0,15.576546079533083
2025-05-18 09:58:15,104264,104255.33333333333,14.65564323650178
2025-05-18 09:58:25,104264,104259.66666666667,12.270622710544972
2025-05-18 09:58:35,104277,104264.0,14.08712069878708
2025-05-18 09:58:46,104277,104268.33333333333,15.011106995070485
2025-05-18 09:59:56,104297,104273.83333333333,18.151508824604573
2025-05-18 10:00:06,104297,104279.33333333333,19.516116103353117
2025-05-18 10:00:16,104297,104284.83333333333,19.48173192164967
2025-05-18 10:00:27,104297,104290.33333333333,18.04035879166456
2025-05-18 10:00:37,104330,104299.16666666667,22.378798134298204
2025-05-18 10:00:47,104330,104308.0,24.116510122293914
2025-05-18 10:01:58,104359,104318.33333333333,30.26987200806893
2025-05-18 10:02:08,104359,104328.66666666667,33.37936215760498
2025-05-18 10:02:18,104359,104339.0,34.28346628434374
2025-05-18 10:02:28,104359,104349.33333333333,33.16304989967634
2025-05-18 10:02:38,104394,104360.0,36.46033544089707
2025-05-18 10:02:48,104394,104370.66666666667,36.762958958276435
2025-05-18 10:03:59,104398,104377.16666666667,37.73863465076646
2025-05-18 10:04:09,104398,104383.66666666667,36.637867475873875
2025-05-18 10:04:19,104393,104389.33333333333,32.82691061384816
2025-05-18 10:04:29,104398,104395.83333333333,26.34891176795742
2025-05-18 10:04:39,104398,104396.5,23.51836805992215
2025-05-18 10:04:49,104393,104396.33333333333,18.198401523709002
2025-05-18 10:06:00,104400,104396.66666666667,16.989078483360352
2025-05-18 10:06:10,104400,104397.0,14.85281321634677
2025-05-18 10:06:20,104405,104399.0,11.613732720831038
2025-05-18 10:06:30,104400,104399.33333333333,3.5791906754693934
2025-05-18 10:06:41,104400,104399.66666666667,3.449857240825345
2025-05-18 10:07:51,104429,104405.66666666667,9.380831510552229
2025-05-18 10:08:01,104429,104410.5,12.295293500055525
2025-05-18 10:08:11,104429,104415.33333333333,14.134634010648838
2025-05-18 10:08:22,104429,104419.33333333333,14.886438809594573
2025-05-18 10:08:32,104429,104424.16666666667,15.451537134686173
2025-05-18 10:08:42,104429,104429.0,15.534906924625849
2025-05-18 10:09:52,104489,104439.0,25.238258592654976
2025-05-18 10:10:03,104489,104449.0,30.588545090047838
2025-05-18 10:10:13,104489,104459.0,33.381631672926424
2025-05-18 10:10:23,104489,104469.0,34.800296060109474
2025-05-18 10:10:33,104489,104479.0,34.00657244569865
2025-05-18 10:10:43,104489,104489.0,31.333978068908493
2025-05-18 10:11:54,104515,104493.33333333333,33.60149707769686
2025-05-18 10:12:04,104515,104497.66666666667,34.12099682074896
2025-05-18 10:12:14,104515,104502.0,32.97519728766003
2025-05-18 10:12:24,104515,104506.33333333333,29.973725864795913
2025-05-18 10:12:34,104515,104510.66666666667,24.44226344296281
2025-05-18 10:12:44,104515,104515.0,13.578057156748844
2025-05-18 10:13:55,104540,104519.16666666667,16.75016959928609
2025-05-18 10:14:05,104540,104523.33333333333,18.36746134196861
2025-05-18 10:14:15,104540,104527.5,18.83480819608915
2025-05-18 10:14:25,104540,104531.66666666667,18.240813373013683
2025-05-18 10:14:35,104540,104535.83333333333,16.471048974660203
2025-05-18 10:14:46,104540,104540.0,13.055824188198503
2025-05-18 10:15:56,104553,104542.16666666667,14.29770059141051
2025-05-18 10:16:06,104553,104544.33333333333,14.714453822392478
2025-05-18 10:16:16,104553,104546.5,14.378013510295656
2025-05-18 10:16:27,104553,104548.66666666667,13.231047042255168
2025-05-18 10:16:37,104553,104550.83333333333,11.023391097464026
2025-05-18 10:16:47,104553,104553.0,6.789028565423044
2025-05-18 10:17:57,104537,104550.33333333333,7.0983352560785535
2025-05-18 10:18:08,104536,104547.5,7.501010017765623
2025-05-18 10:18:18,104536,104544.66666666667,7.867751579907143
2025-05-18 10:18:28,104536,104541.83333333333,8.203380663922719
2025-05-18 10:18:38,104536,104539.0,8.51157855329372
2025-05-18 10:18:48,104536,104536.16666666667,8.795229410205105
2025-05-18 10:19:59,104543,104537.16666666667,8.389658122285006
2025-05-18 10:20:09,104560,104541.16666666667,9.286679924205178
2025-05-18 10:20:19,104560,104545.16666666667,10.067574701884483
2025-05-18 10:20:29,104560,104549.16666666667,10.757661107275974
2025-05-18 10:20:39,104560,104553.16666666667,11.373480574456
2025-05-18 10:20:49,104560,104557.16666666667,11.92654283577789
2025-05-18 10:22:00,104561,104560.16666666667,12.168015689955093
2025-05-18 10:26:16,104675,104579.33333333333,37.92127011372708
2025-05-18 10:26:26,104675,104598.5,49.348175488089346
2025-05-18 10:26:36,104675,104617.66666666667,56.03320173545081
2025-05-18 10:26:47,104675,104636.83333333333,59.5940814612133
2025-05-18 10:26:57,104675,104656.0,60.58421386337764
2025-05-18 10:27:07,104675,104675.0,59.9703841028142
2025-05-18 10:27:17,104695,104678.33333333333,60.84231979901394
2025-05-18 10:27:27,104695,104681.66666666667,59.422154319541846
2025-05-18 10:27:37,104695,104685.0,55.53431917102359
2025-05-18 10:28:48,104754,104698.16666666667,54.761466210648926
2025-05-18 10:28:58,104701,104702.5,43.585078761269216
2025-05-18 10:29:08,104701,104706.83333333333,22.86902761279073
2025-05-18 10:44:57,105012,104759.66666666667,94.9305966562841
2025-05-18 10:45:07,105012,104812.5,125.61807797781013
2025-05-18 10:45:17,105012,104865.33333333333,144.3164662258522
2025-05-18 10:45:27,105012,104908.33333333333,155.41506010922294
2025-05-18 10:45:37,105027,104962.66666666667,162.08384941774415
2025-05-18 10:45:48,105027,105017.0,162.8225237553495
2025-05-18 10:46:58,105047,105022.83333333333,161.72149179597568
2025-05-18 10:47:08,105047,105028.66666666667,154.65824983503828
2025-05-18 10:47:18,105047,105034.5,140.73796304489088
2025-05-18 10:47:29,105047,105040.33333333333,128.5466546582715
2025-05-18 10:47:39,105072,105047.83333333333,97.75863133031703
2025-05-18 10:47:49,105072,105055.33333333333,22.44521949884243
2025-05-18 10:49:00,105090,105062.5,25.846868390990323
2025-05-18 10:49:10,105090,105069.66666666667,27.205725770677354
2025-05-18 10:49:20,105090,105076.83333333333,26.83394502520418
2025-05-18 10:49:30,105090,105084.0,24.653354302005784
2025-05-18 10:49:40,105090,105087.0,23.145619380777195
2025-05-18 10:50:51,105133,105097.16666666667,26.327051409340978
2025-05-18 10:51:01,105133,105104.33333333333,29.19046647241026
2025-05-18 10:51:11,105133,105111.5,29.98320236037458
2025-05-18 10:51:21,105133,105118.66666666667,28.87630358319307
2025-05-18 10:51:31,105133,105125.83333333333,25.624769021665816
2025-05-18 10:51:41,105133,105133.0,24.52827680798756
2025-05-18 10:52:52,105168,105138.83333333333,26.577502438966363
2025-05-18 10:53:02,105168,105144.66666666667,28.57048698919358
2025-05-18 10:53:12,105168,105150.5,28.879058148150552
2025-05-18 10:53:22,105211,105163.5,33.942353083622905
2025-05-18 10:53:32,105168,105169.33333333333,30.571699125105923
2025-05-18 10:53:43,105168,105175.16666666667,24.99984847467768
2025-05-18 10:54:53,105230,105185.5,32.2062482098328
2025-05-18 10:55:03,105230,105195.83333333333,36.15151196961683
2025-05-18 10:55:13,105230,105206.16666666667,37.86899266635982
2025-05-18 10:55:24,105230,105209.33333333333,37.6646888660952
2025-05-18 10:55:34,105230,105219.66666666667,35.505441317270964
2025-05-18 10:55:44,105244,105232.33333333333,32.345085329131805
2025-05-18 10:56:54,105259,105237.16666666667,33.8347141007471
2025-05-18 10:57:05,105259,105242.0,33.435034240152376
2025-05-18 10:57:15,105259,105246.83333333333,31.073227287029876
2025-05-18 10:57:25,105259,105251.66666666667,31.97299996492829
2025-05-18 10:57:35,105259,105256.5,26.043524166230267
2025-05-18 10:57:45,105261,105259.33333333333,14.627703047596851
2025-05-18 10:58:56,105293,105265.0,19.061900746859088
2025-05-18 10:59:06,105293,105270.66666666667,21.274540184952095
2025-05-18 10:59:16,105293,105276.33333333333,21.948113733140122
2025-05-18 10:59:26,105293,105282.0,21.229624800456747
2025-05-18 10:59:36,105293,105287.66666666667,18.961484073172134
2025-05-18 10:59:46,105303,105294.66666666667,18.664502024730112
2025-05-18 11:00:57,105301,105296.0,18.918485414413404
2025-05-18 11:01:07,105301,105297.33333333333,18.458799316107665
2025-05-18 11:01:17,105301,105298.66666666667,17.22841203599585
2025-05-18 11:01:27,105301,105300.0,15.03934232752388
2025-05-18 11:01:37,105301,105301.33333333333,11.349809746405528
2025-05-18 11:01:47,105301,105301.0,4.302923538177802
2025-05-18 11:02:58,105281,105297.66666666667,6.407854985968117
2025-05-18 11:03:08,105281,105294.33333333333,7.837361921282411
2025-05-18 11:03:18,105281,105291.0,8.922222820985684
2025-05-18 11:03:29,105281,105287.66666666667,9.777835142180589
2025-05-18 11:03:39,105281,105284.33333333333,10.460604279208006
2025-05-18 11:03:49,105281,105281.0,10.444659331614508
2025-05-18 11:04:59,105271,105279.33333333333,11.381803636019523
2025-05-18 11:05:10,105269,105277.33333333333,11.922731004928378
2025-05-18 11:05:20,105269,105275.33333333333,11.800102699032617
2025-05-18 11:05:30,105269,105273.33333333333,10.991732405968492
2025-05-18 11:05:40,105269,105271.33333333333,9.32087910800126
2025-05-18 11:05:50,105269,105269.33333333333,6.117535606141014
2025-05-18 11:06:00,105269,105269.0,6.057802337934846
2025-05-18 11:07:11,105248,105265.5,9.297686226501058
2025-05-18 11:07:21,105248,105262.0,10.940611005215665
2025-05-18 11:07:31,105248,105258.5,11.681051714996588
2025-05-18 11:07:41,105248,105255.0,11.69174790907687
2025-05-18 11:07:51,105248,105251.5,10.97483344613402
2025-05-18 11:08:01,105248,105248.0,10.966892301231534
2025-05-18 11:08:11,105249,105248.16666666667,10.743567466112323
2025-05-18 11:09:22,105235,105246.0,11.68526653615796
2025-05-18 11:09:32,105235,105243.83333333333,11.838560496447023
2025-05-18 11:09:42,105235,105241.66666666667,11.235765382023317
2025-05-18 11:09:52,105235,105239.5,9.737462775107641
2025-05-18 11:10:03,105235,105237.33333333333,6.773388174184612
2025-05-18 11:10:13,105216,105231.83333333333,10.009086754648555
2025-05-18 11:10:23,105216,105228.66666666667,11.788540895750508
2025-05-18 11:10:33,105216,105225.5,12.7374418045511
2025-05-18 11:11:44,105212,105221.66666666667,13.52662916075087
2025-05-18 11:11:54,105212,105217.83333333333,13.566893732328039
2025-05-18 11:12:04,105237,105218.16666666667,12.469052578733468
2025-05-18 11:12:14,105237,105221.66666666667,11.005164053655287
2025-05-18 11:12:24,105237,105225.16666666667,11.155580181288057
2025-05-18 11:12:34,105237,105228.66666666667,11.301313925991948
2025-05-18 11:12:44,105237,105232.83333333333,11.442544195496232
2025-05-18 11:13:55,105242,105237.83333333333,12.036560445686044
2025-05-18 11:14:05,105242,105238.66666666667,12.573119454495396
2025-05-18 11:14:15,105238,105238.83333333333,12.196310896458993
2025-05-18 11:14:25,105238,105239.0,11.492751316191658
2025-05-18 11:14:35,105238,105239.16666666667,10.39631342424747
2025-05-18 11:14:45,105238,105239.33333333333,7.798115512203317
2025-05-18 11:15:56,105239,105238.83333333333,1.8257417160063467
2025-05-18 11:16:06,105239,105238.33333333333,1.7837650243202525
2025-05-18 11:16:16,105239,105238.5,1.7232807228663933
2025-05-18 11:16:26,105232,105237.5,2.5628463275134195
2025-05-18 11:16:37,105232,105236.5,3.1285584968639677
2025-05-18 11:16:47,105232,105235.5,3.553700516273298
2025-05-18 11:17:57,105232,105234.33333333333,3.5537005163142465
2025-05-18 11:18:07,105232,105233.16666666667,3.3337120218719742
2025-05-18 11:18:18,105241,105233.5,3.6181360632190738
2025-05-18 11:18:28,105241,105235.0,3.864171018834069
2025-05-18 11:18:38,105277,105242.5,12.413335916297571
2025-05-18 11:18:48,105241,105244.0,12.410589299166286
2025-05-18 11:19:59,105277,105251.5,16.406530465126863
2025-05-18 11:20:09,105277,105259.0,19.03804005602712
2025-05-18 11:20:19,105301,105269.0,24.554669976567364
2025-05-18 11:20:29,105301,105279.0,27.535101555220482
2025-05-18 11:20:39,105301,105283.0,29.00509358747437
2025-05-18 11:20:49,105301,105293.0,29.193710396994394
2025-05-18 11:22:00,105313,105299.0,29.3509330719827
2025-05-18 11:22:10,105313,105305.0,27.77179732641146
2025-05-18 11:22:20,105313,105307.0,25.81754159501126
2025-05-18 11:22:30,105332,105312.16666666667,24.062261400474316
2025-05-18 11:22:40,105332,105317.33333333333,25.401622462027202
2025-05-18 11:22:50,105332,105322.5,18.87819808920011
2025-05-18 11:24:01,105333,105325.83333333333,17.453618173208127
2025-05-18 11:24:12,105333,105329.16666666667,14.330249825527016
2025-05-18 11:24:22,105333,105332.5,14.039716372448725
2025-05-18 11:24:32,105333,105332.66666666667,13.166474853219386
2025-05-18 11:24:43,105333,105332.83333333333,11.579435771529035
2025-05-18 11:25:53,105337,105333.66666666667,9.189503204731642
2025-05-18 11:26:03,105337,105334.33333333333,8.162645853583735
2025-05-18 11:26:13,105337,105335.0,6.331139927771947
2025-05-18 11:26:23,105329,105334.33333333333,2.429303316353029
2025-05-18 11:26:34,105329,105333.66666666667,2.724746203895851
2025-05-18 11:26:44,105329,105333.0,2.9682664152807936
2025-05-18 11:27:54,105327,105331.33333333333,3.424510502082054
2025-05-18 11:28:04,105327,105329.66666666667,3.7658754139720645
2025-05-18 11:28:15,105327,105328.0,4.011347472208441
2025-05-18 11:28:25,105343,105330.33333333333,5.2107115256140615
2025-05-18 11:28:35,105343,105332.66666666667,6.057802336524038
2025-05-18 11:28:45,105343,105335.0,6.687845107242443
2025-05-18 11:29:56,105337,105336.66666666667,6.687845107242443
2025-05-18 11:30:06,105337,105338.33333333333,6.687845107242443
2025-05-18 11:30:16,105337,105340.0,6.687845107242443
2025-05-18 11:30:26,105337,105339.0,6.5412443952875075
2025-05-18 11:30:36,105343,105339.0,6.685579193130456
2025-05-18 11:30:46,105343,105339.0,6.605782549149321
2025-05-18 11:31:57,105341,105339.66666666667,5.874959656462617
2025-05-18 11:32:07,105341,105340.33333333333,4.735424149299528
2025-05-18 11:32:17,105341,105341.0,2.7136019996976564
2025-05-18 11:32:27,105341,105341.66666666667,2.6053556834073484
2025-05-18 11:32:37,105345,105342.0,2.8444522390158467
2025-05-18 11:32:47,105345,105342.33333333333,3.05505037313931
2025-05-18 11:33:58,105340,105342.16666666667,2.8431202546401755
2025-05-18 11:34:08,105340,105342.0,2.5878502943381743
2025-05-18 11:34:18,105340,105341.83333333333,2.27469599575529
2025-05-18 11:34:28,105340,105341.66666666667,1.8748735861221433
2025-05-18 11:34:38,105338,105340.5,2.094364601799788
2025-05-18 11:34:49,105338,105339.33333333333,2.2087977109324015
2025-05-18 11:35:59,105339,105339.16666666667,2.2696948254331595
2025-05-18 11:36:09,105339,105339.0,2.315952463408556
2025-05-18 11:36:20,105353,105341.16666666667,4.2958753361090665
2025-05-18 11:36:30,105353,105343.33333333333,5.418822363963537
2025-05-18 11:36:40,105353,105345.83333333333,6.191391829121296
2025-05-18 11:36:50,105353,105348.33333333333,6.80685924502116
2025-05-18 11:37:00,105353,105350.66666666667,7.166314258666343
2025-05-18 11:38:11,105361,105354.33333333333,8.326663964684988
2025-05-18 11:38:21,105361,105355.66666666667,8.979353391295136
2025-05-18 11:38:31,105361,105357.0,9.232682366946774
2025-05-18 11:38:41,105365,105359.0,9.287903475006992
2025-05-18 11:38:51,105365,105361.0,8.73169076913014
2025-05-18 11:39:01,105365,105363.0,7.649519655498618
2025-05-18 11:40:12,105367,105364.0,5.749835258913878
2025-05-18 11:40:22,105367,105365.0,5.804909055330609
2025-05-18 11:40:32,105367,105366.0,5.600324616212665
2025-05-18 11:40:42,105367,105366.33333333333,5.104958913014596
2025-05-18 11:40:52,105368,105366.83333333333,4.294993497033732
2025-05-18 11:41:02,105368,105367.33333333333,2.724746202212415
2025-05-18 11:41:13,105368,105367.5,2.490892389607187
2025-05-18 11:42:23,105372,105368.33333333333,2.605355681991539
2025-05-18 11:42:33,105372,105369.16666666667,2.35326968905761
2025-05-18 11:42:43,105372,105370.0,2.516611367439578
2025-05-18 11:42:54,105372,105370.66666666667,2.527125457429335
2025-05-18 11:43:04,105372,105371.33333333333,2.386832448669397
2025-05-18 11:43:14,105372,105372.0,2.3788842657891958
2025-05-18 11:43:24,105372,105372.0,2.2896339627179905
2025-05-18 11:43:34,105372,105372.0,2.108783805338207
2025-05-18 11:44:45,105378,105373.0,2.7136019980946258
2025-05-18 11:44:55,105378,105374.0,3.055050371684062
2025-05-18 11:45:05,105378,105375.0,3.128558490398637
2025-05-18 11:45:15,105378,105376.0,2.9541956886805205
2025-05-18 11:45:25,105378,105377.0,3.0895718125779243
2025-05-18 11:45:35,105378,105378.0,3.133397717762349
2025-05-18 11:45:45,105378,105378.0,3.089571812537354
2025-05-18 11:46:56,105408,105383.0,9.728122278989733
2025-05-18 11:47:06,105408,105388.0,12.652703605504241
2025-05-18 11:47:16,105408,105393.0,14.349532757067733
2025-05-18 11:47:26,105408,105398.0,15.234530138052696
2025-05-18 11:47:36,105408,105403.0,15.447859498063947
2025-05-18 11:47:47,105408,105408.0,15.666989017979423
2025-05-18 11:48:57,105412,105408.66666666667,15.781654079811679
2025-05-18 11:49:07,105412,105409.33333333333,15.334650781321406
2025-05-18 11:49:17,105412,105410.0,14.273306279912177
2025-05-18 11:49:28,105412,105410.66666666667,12.44137766568379
2025-05-18 11:49:38,105412,105411.33333333333,9.398581423013693
2025-05-18 11:49:48,105412,105412.0,2.088931735284188
2025-05-18 11:50:58,105422,105413.66666666667,3.9504506118742215
2025-05-18 11:51:09,105422,105415.33333333333,4.886592607261776
2025-05-18 11:51:19,105422,105417.0,5.402019771541162
2025-05-18 11:51:29,105422,105418.66666666667,5.613835671373536
2025-05-18 11:51:39,105422,105420.33333333333,5.556868480409118
2025-05-18 11:51:49,105422,105422.0,5.222329624053302
2025-05-18 11:53:00,105448,105426.33333333333,10.126472928636337
2025-05-18 11:53:10,105461,105432.83333333333,15.21039315843795
2025-05-18 11:53:20,105461,105439.33333333333,17.994106763475216
2025-05-18 11:53:30,105461,105445.83333333333,19.489507652006726
2025-05-18 11:53:40,105461,105452.33333333333,19.987875098197076
2025-05-18 11:54:51,105472,105460.66666666667,20.834121183426202
2025-05-18 11:55:01,105472,105464.66666666667,21.601767591118175
2025-05-18 11:55:11,105480,105467.83333333333,22.34169900824348
2025-05-18 11:55:21,105480,105471.0,21.92480260161013
2025-05-18 11:55:31,105480,105474.16666666667,20.27986012512293
2025-05-18 11:55:41,105480,105477.33333333333,17.055168932021687
2025-05-18 11:56:52,105479,105478.5,10.849870800605572
2025-05-18 11:57:02,105479,105479.66666666667,8.726483516926706
2025-05-18 11:57:12,105471,105478.16666666667,8.011355540815797
2025-05-18 11:57:22,105479,105478.0,7.204796341910056
2025-05-18 11:57:32,105471,105476.5,5.974694060464095
2025-05-18 11:57:42,105471,105475.0,4.239067867910528
2025-05-18 11:58:53,105477,105474.66666666667,4.033007678412433
2025-05-18 11:59:03,105477,105474.33333333333,3.7658754096128098
2025-05-18 11:59:13,105476,105475.16666666667,3.6514836371405224
2025-05-18 11:59:23,105476,105474.66666666667,3.4989174985218203
2025-05-18 11:59:34,105476,105475.5,3.3028912074420633
2025-05-18 11:59:44,105476,105476.33333333333,3.0550503682432164
2025-05-18 12:00:54,105485,105477.66666666667,3.9962102533253483
2025-05-18 12:01:05,105485,105479.0,4.696871882392266
2025-05-18 12:01:15,105485,105480.5,4.8958856592566615
2025-05-18 12:01:25,105489,105482.66666666667,5.867217555445057
2025-05-18 12:01:35,105489,105484.83333333333,6.027713725100219
2025-05-18 12:01:45,105489,105487.0,5.773502641508325
2025-05-18 12:02:56,105515,105492.0,11.019266846839004
2025-05-18 12:03:06,105515,105497.0,13.698042307329464
2025-05-18 12:03:16,105524,105503.5,16.580382695383552
2025-05-18 12:03:26,105524,105509.33333333333,18.0906806585111
2025-05-18 12:03:36,105524,105515.16666666667,18.56683258237672
2025-05-18 12:03:46,105524,105521.0,18.090680658469125
2025-05-18 12:04:57,105518,105521.5,17.436247494406263
2025-05-18 12:05:07,105518,105522.0,16.25646722648154
2025-05-18 12:05:17,105510,105519.66666666667,14.317556483386769
2025-05-18 12:05:27,105510,105517.33333333333,12.470571395384438
2025-05-18 12:05:37,105510,105515.0,9.96775100100204
2025-05-18 12:05:48,105510,105512.66666666667,6.042776756323218
2025-05-18 12:06:58,105508,105511.0,6.552237602035978
2025-05-18 12:07:08,105508,105509.33333333333,6.971804645706373
2025-05-18 12:07:18,105508,105509.0,6.759953336308723
2025-05-18 12:07:29,105508,105508.66666666667,6.237715152318436
2025-05-18 12:07:39,105508,105508.33333333333,5.314360135995765
2025-05-18 12:07:49,105508,105508.0,3.700941651779873
2025-05-18 12:09:00,105501,105506.83333333333,3.752776671551189
2025-05-18 12:09:10,105501,105505.66666666667,3.176619036713613
2025-05-18 12:09:20,105503,105504.83333333333,3.3154824167920465
2025-05-18 12:09:30,105501,105503.66666666667,3.5632806668546735
2025-05-18 12:09:40,105503,105502.83333333333,3.4498571804432694
2025-05-18 12:10:51,105503,105502.0,3.219260128927515
2025-05-18 12:11:01,105503,105502.33333333333,3.1176427607815724
2025-05-18 12:11:11,105503,105502.66666666667,2.9490624122282396
2025-05-18 12:11:21,105501,105502.33333333333,2.8109632807799434
2025-05-18 12:11:31,105501,105502.33333333333,2.5226247794984413
2025-05-18 12:11:41,105501,105502.0,2.0207257973239994
2025-05-18 12:12:52,105515,105504.0,3.9080336087649186
2025-05-18 12:13:02,105515,105506.0,5.149286448568982
2025-05-18 12:13:12,105515,105508.0,5.8981249734050385
2025-05-18 12:13:22,105526,105512.16666666667,8.313461119009288
2025-05-18 12:13:32,105526,105516.33333333333,9.63264647960933
2025-05-18 12:13:42,105526,105520.5,10.506491471908895
2025-05-18 12:14:53,105532,105523.33333333333,11.703405332734471
2025-05-18 12:15:03,105532,105526.16666666667,12.280496955452803
2025-05-18 12:15:13,105532,105529.0,12.325140580176683
2025-05-18 12:15:24,105529,105529.5,11.320402579560811
2025-05-18 12:15:34,105529,105530.0,9.618479657760258
2025-05-18 12:15:44,105529,105530.5,6.708203888624763
2025-05-18 12:16:55,105501,105525.33333333333,9.384061246180151
2025-05-18 12:17:05,105501,105520.16666666667,11.320402579550652
2025-05-18 12:17:15,105501,105515.0,12.855844067367027
2025-05-18 12:17:25,105501,105510.33333333333,14.11291046652823
2025-05-18 12:17:35,105506,105506.5,14.504701411907336
2025-05-18 12:17:45,105506,105502.66666666667,14.68120833583877
2025-05-18 12:18:56,105508,105503.83333333333,14.009466475487848
2025-05-18 12:19:06,105508,105505.0,12.971705783282735
2025-05-18 12:19:16,105508,105506.16666666667,11.468996390312462
2025-05-18 12:19:26,105508,105507.33333333333,9.897964254482714
2025-05-18 12:19:36,105509,105507.83333333333,7.613783316013955
2025-05-18 12:19:46,105509,105508.33333333333,3.4509549870692107
