timestamp,price_usd,ma_6,volatility_12
2025-05-17 01:02:43-04:00,102855,,
2025-05-17 01:03:09-04:00,102904,,
2025-05-17 01:03:40-04:00,102904,,
2025-05-17 01:03:50-04:00,102904,,
2025-05-17 01:04:00-04:00,102904,,
2025-05-17 01:04:10-04:00,102913,102897.33333333333,
2025-05-17 01:06:17-04:00,102940,102911.5,
2025-05-17 01:06:45-04:00,102940,102917.5,
2025-05-17 01:08:17-04:00,102947,102924.66666666667,
2025-05-17 01:10:28-04:00,102966,102935.0,
2025-05-17 01:13:35-04:00,103001,102951.16666666667,
2025-05-17 01:13:46-04:00,103001,102965.83333333333,43.12235938336555
2025-05-17 01:13:56-04:00,103001,102976.0,40.036630954440895
2025-05-17 01:14:06-04:00,103008,102987.33333333333,41.86440956085673
2025-05-17 01:14:16-04:00,103008,102997.5,41.69468754766546
2025-05-17 01:14:26-04:00,103008,103004.5,39.501726084272924
2025-05-17 01:14:36-04:00,103008,103005.66666666667,34.9062597494699
2025-05-17 01:14:46-04:00,103008,103006.83333333333,28.99320714592329
2025-05-17 01:15:57-04:00,103014,103009.0,25.95275427667818
2025-05-17 01:16:07-04:00,103014,103010.0,20.57948375239502
2025-05-17 01:16:17-04:00,103042,103015.66666666667,16.827781862854
2025-05-17 01:16:27-04:00,103042,103021.33333333333,14.273040915269478
2025-05-17 01:16:37-04:00,103042,103027.0,15.96777056977145
2025-05-17 01:16:47-04:00,103042,103032.66666666667,16.755596080089926
2025-05-17 01:17:58-04:00,103045,103037.83333333333,17.09044567389782
2025-05-17 01:18:08-04:00,103045,103043.0,17.391220355501282
2025-05-17 01:18:18-04:00,103045,103043.5,17.09044567389233
2025-05-17 01:18:28-04:00,103045,103044.0,16.15455653889767
2025-05-17 01:18:38-04:00,103045,103044.5,14.460761956485255
2025-05-17 01:18:48-04:00,103045,103045.0,11.68396985246601
2025-05-17 01:19:59-04:00,103044,103044.83333333333,8.72127319022237
2025-05-17 01:20:09-04:00,103038,103043.66666666667,2.1881222053491327
2025-05-17 01:20:19-04:00,103038,103042.5,2.662876093364658
2025-05-17 01:20:29-04:00,103044,103042.33333333333,2.6571800951930356
2025-05-17 01:20:39-04:00,103038,103041.16666666667,3.040135562790813
2025-05-17 01:20:49-04:00,103038,103040.0,3.343922573801529
2025-05-17 01:22:00-04:00,103040,103039.33333333333,3.3154825048914867
2025-05-17 01:22:10-04:00,103044,103040.33333333333,3.2473765632099933
2025-05-17 01:22:20-04:00,103044,103041.33333333333,3.175426480202939
2025-05-17 01:22:30-04:00,103044,103041.33333333333,3.099364548405737
2025-05-17 01:22:40-04:00,103044,103042.33333333333,3.0188799846132977
2025-05-17 01:22:50-04:00,103044,103043.33333333333,2.9336088021301174
2025-05-17 01:23:00-04:00,103044,103044.0,2.9336088021301174
2025-05-17 01:24:11-04:00,103075,103049.16666666667,9.900642770559406
2025-05-17 01:24:21-04:00,103075,103054.33333333333,12.91111806521955
2025-05-17 01:24:31-04:00,103075,103059.5,15.005806956671629
2025-05-17 01:24:41-04:00,103075,103064.66666666667,15.991475001492825
2025-05-17 01:24:51-04:00,103075,103069.83333333333,16.295333036896135
2025-05-17 01:25:01-04:00,103075,103075.0,16.18922200372112
2025-05-17 01:26:12-04:00,103075,103075.0,15.962788166698518
2025-05-17 01:26:22-04:00,103145,103086.66666666667,27.799607583752444
2025-05-17 01:26:32-04:00,103145,103098.33333333333,33.70853232500151
2025-05-17 01:26:42-04:00,103145,103110.0,36.67630727240714
2025-05-17 01:26:52-04:00,103145,103121.66666666667,37.40958797840051
2025-05-17 01:27:02-04:00,103145,103133.33333333333,36.04500553789193
2025-05-17 01:27:12-04:00,103145,103145.0,36.556307750460576
2025-05-17 01:28:23-04:00,103148,103145.5,36.275356857414444
2025-05-17 01:28:33-04:00,103148,103146.0,34.85250306185611
2025-05-17 01:28:43-04:00,103162,103148.83333333333,33.15653873045077
2025-05-17 01:28:53-04:00,103162,103151.66666666667,29.484459182919984
2025-05-17 01:29:03-04:00,103162,103154.5,22.90477652920375
2025-05-17 01:29:13-04:00,103162,103157.33333333333,8.077278267736752
2025-05-17 01:29:23-04:00,103162,103159.66666666667,8.38243112031306
2025-05-17 01:29:33-04:00,103167,103162.83333333333,8.959082067170275
2025-05-17 01:30:43-04:00,103170,103164.16666666667,9.462846005088377
2025-05-17 01:30:53-04:00,103170,103165.5,9.452833468119946
2025-05-17 01:31:04-04:00,103170,103166.83333333333,8.927315927325525
2025-05-17 01:31:14-04:00,103170,103168.16666666667,7.782556250158315
2025-05-17 01:31:24-04:00,103194,103173.5,10.655415466110798
2025-05-17 01:31:34-04:00,103170,103174.0,8.918401132202524
2025-05-17 01:31:44-04:00,103194,103178.0,11.293266965502506
2025-05-17 01:32:54-04:00,103194,103182.0,12.650008981743888
2025-05-17 01:33:04-04:00,103194,103186.0,13.303849976872657
2025-05-17 01:33:14-04:00,103194,103190.0,13.358404457901104
2025-05-17 01:33:24-04:00,103190,103189.33333333333,12.522404163091275
2025-05-17 01:33:35-04:00,103190,103192.66666666667,11.857742642201403
2025-05-17 01:33:45-04:00,103190,103192.0,11.20064933013576
2025-05-17 01:34:55-04:00,103199,103192.83333333333,10.791059709704232
2025-05-17 01:35:05-04:00,103199,103193.66666666667,9.731236800001378
2025-05-17 01:35:15-04:00,103199,103194.5,7.759158808442107
2025-05-17 01:35:25-04:00,103205,103197.0,8.58998712151034
2025-05-17 01:35:35-04:00,103205,103199.5,5.333570066663522
2025-05-17 01:35:45-04:00,103205,103202.0,5.862050521994714
2025-05-17 01:36:56-04:00,103205,103203.0,6.200562043516729
2025-05-17 01:37:06-04:00,103213,103205.33333333333,7.416198484269975
2025-05-17 01:37:16-04:00,103213,103207.66666666667,8.129165596232538
2025-05-17 01:37:26-04:00,103213,103209.0,7.988628278703987
2025-05-17 01:37:36-04:00,103213,103210.33333333333,7.31695829867419
2025-05-17 01:37:46-04:00,103216,103212.16666666667,6.273440886964454
2025-05-17 01:38:58-04:00,103216,103214.0,6.201172906024412
2025-05-17 01:39:08-04:00,103216,103214.5,5.759708532537784
2025-05-17 01:39:18-04:00,103216,103215.0,4.849242360449315
2025-05-17 01:39:28-04:00,103216,103215.5,4.5751303956126055
2025-05-17 01:39:38-04:00,103216,103216.0,4.063883791401037
2025-05-17 01:39:48-04:00,103221,103216.83333333333,3.7537859616001583
2025-05-17 01:40:59-04:00,103224,103218.16666666667,3.3698754517555263
2025-05-17 01:41:09-04:00,103224,103219.5,3.908033677798558
2025-05-17 01:41:19-04:00,103224,103220.83333333333,4.166060556440963
2025-05-17 01:41:29-04:00,103224,103222.16666666667,4.195957645130415
2025-05-17 01:41:39-04:00,103224,103223.5,4.002839895148556
2025-05-17 01:41:49-04:00,103232,103225.33333333333,5.1426617281475036
2025-05-17 01:42:59-04:00,103237,103227.5,6.617241021807834
2025-05-17 01:43:09-04:00,103237,103229.66666666667,7.378818987441427
2025-05-17 01:43:20-04:00,103237,103231.83333333333,7.643575235210083
2025-05-17 01:43:30-04:00,103237,103234.0,7.464562741473478
2025-05-17 01:43:40-04:00,103237,103236.16666666667,6.806859281978561
2025-05-17 01:43:50-04:00,103237,103237.0,6.47840234322799
2025-05-17 01:44:00-04:00,103237,103237.0,6.2540895671928185
2025-05-17 01:45:11-04:00,103238,103237.16666666667,5.869154082793467
2025-05-17 01:45:21-04:00,103238,103237.33333333333,5.177895905769297
2025-05-17 01:45:31-04:00,103238,103237.5,4.0254869773373265
2025-05-17 01:45:41-04:00,103239,103237.83333333333,1.705605716165987
2025-05-17 01:45:52-04:00,103238,103238.0,0.6741998252556433
2025-05-17 01:46:02-04:00,103239,103238.33333333333,0.7784989119199378
2025-05-17 01:46:12-04:00,103239,103238.5,0.8348470798555867
2025-05-17 01:47:22-04:00,103235,103238.0,1.154700516640478
2025-05-17 01:47:32-04:00,103235,103237.5,1.3816985412558083
2025-05-17 01:47:43-04:00,103236,103237.0,1.4433756555934225
2025-05-17 01:47:53-04:00,103235,103236.5,1.6025547628797876
2025-05-17 01:48:03-04:00,103235,103235.83333333333,1.7298624778561815
2025-05-17 01:48:13-04:00,103236,103235.33333333333,1.729862477863128
2025-05-17 01:48:23-04:00,103236,103235.5,1.7122552764512216
2025-05-17 01:48:34-04:00,103236,103235.66666666667,1.6764862094701505
2025-05-17 01:49:44-04:00,103240,103236.33333333333,1.8257418446382552
2025-05-17 01:49:54-04:00,103239,103237.0,1.9128750244093677
2025-05-17 01:50:04-04:00,103239,103237.66666666667,1.9128750244093677
2025-05-17 01:50:14-04:00,103239,103238.16666666667,1.9128750244093677
2025-05-17 01:50:24-04:00,103239,103238.66666666667,1.9286515806565006
2025-05-17 01:50:35-04:00,103239,103239.16666666667,1.8809249686517322
2025-05-17 01:50:45-04:00,103239,103239.0,1.8748737197280572
2025-05-17 01:51:56-04:00,103237,103238.66666666667,1.6966990978177199
2025-05-17 01:52:06-04:00,103237,103238.33333333333,1.4770978747314825
2025-05-17 01:52:16-04:00,103237,103238.0,1.3789543506646829
2025-05-17 01:52:26-04:00,103237,103237.66666666667,1.2673044447756823
2025-05-17 01:52:36-04:00,103237,103237.33333333333,1.13818034384934
2025-05-17 01:52:46-04:00,103238,103237.16666666667,0.9962048946504563
2025-05-17 01:53:57-04:00,103239,103237.5,0.9962048946504563
2025-05-17 01:54:07-04:00,103239,103237.83333333333,0.9962048946504563
2025-05-17 01:54:17-04:00,103239,103238.16666666667,0.9962048946504563
2025-05-17 01:54:27-04:00,103239,103238.5,0.9962048946504563
2025-05-17 01:54:37-04:00,103239,103238.83333333333,0.9962048946504563
2025-05-17 01:54:47-04:00,103234,103238.16666666667,1.4974726014847901
2025-05-17 01:55:57-04:00,103231,103236.83333333333,2.4432963225021176
2025-05-17 01:56:08-04:00,103231,103235.5,3.025147120629328
2025-05-17 01:56:18-04:00,103231,103234.16666666667,3.433348036232785
2025-05-17 01:56:28-04:00,103231,103232.83333333333,3.725424516602091
2025-05-17 01:56:38-04:00,103231,103231.5,3.9273709239695096
2025-05-17 01:56:48-04:00,103231,103231.0,3.9876703853019677
2025-05-17 01:57:58-04:00,103229,103230.66666666667,4.025486977372933
2025-05-17 01:58:09-04:00,103229,103230.33333333333,3.872005190213268
2025-05-17 01:58:19-04:00,103229,103230.0,3.5021638262555057
2025-05-17 01:58:29-04:00,103229,103229.66666666667,2.832441918853443
2025-05-17 01:58:39-04:00,103229,103229.33333333333,1.5050420147804147
2025-05-17 01:58:49-04:00,103229,103229.0,1.044465912361714
2025-05-17 01:59:59-04:00,103224,103228.16666666667,1.9752253296289242
2025-05-17 02:00:09-04:00,103224,103227.33333333333,2.443296322818637
2025-05-17 02:00:20-04:00,103224,103226.5,2.7010099031592634
2025-05-17 02:00:30-04:00,103224,103225.66666666667,2.8069178524521328
2025-05-17 02:00:40-04:00,103224,103224.83333333333,2.7784342571745007
2025-05-17 02:00:50-04:00,103224,103224.0,2.611164830119287
2025-05-17 02:01:00-04:00,103211,103221.83333333333,5.063236473695959
2025-05-17 02:02:10-04:00,103209,103219.33333333333,6.665151339376967
2025-05-17 02:02:21-04:00,103209,103216.83333333333,7.5598621088248095
2025-05-17 02:02:31-04:00,103209,103214.33333333333,7.9886282784652405
2025-05-17 02:02:41-04:00,103209,103211.83333333333,8.026471352837087
2025-05-17 02:02:51-04:00,103209,103209.33333333333,7.679172932272078
2025-05-17 02:03:01-04:00,103209,103209.0,7.597348019146628
2025-05-17 02:04:11-04:00,103207,103208.66666666667,7.434563015228514
2025-05-17 02:04:21-04:00,103207,103208.33333333333,6.960385740174225
2025-05-17 02:04:32-04:00,103207,103208.0,6.102657142413913
2025-05-17 02:04:42-04:00,103207,103207.66666666667,4.653932838459729
2025-05-17 02:04:52-04:00,103207,103207.33333333333,1.3026778777339725
2025-05-17 02:05:02-04:00,103207,103207.0,1.0444659147939277
2025-05-17 02:05:12-04:00,103213,103208.0,1.775250716853683
2025-05-17 02:06:23-04:00,103214,103209.16666666667,2.4167972705583733
2025-05-17 02:06:33-04:00,103214,103210.33333333333,2.85508583189454
2025-05-17 02:06:43-04:00,103214,103211.5,3.1754264735940234
2025-05-17 02:06:53-04:00,103214,103212.66666666667,3.411211455206095
2025-05-17 02:07:03-04:00,103214,103213.83333333333,3.5791906929166815
2025-05-17 02:07:13-04:00,103215,103214.16666666667,3.6296339181405
2025-05-17 02:07:23-04:00,103215,103214.33333333333,3.545163151882567
2025-05-17 02:07:33-04:00,103215,103214.5,3.315482498449473
2025-05-17 02:08:44-04:00,103232,103217.5,6.201172905919609
2025-05-17 02:08:54-04:00,103232,103220.5,7.513119834730775
2025-05-17 02:09:04-04:00,103232,103223.5,8.06037821217251
2025-05-17 02:09:14-04:00,103227,103225.5,8.177945208429499
2025-05-17 02:09:24-04:00,103227,103227.5,8.195989408073578
2025-05-17 02:09:34-04:00,103227,103229.5,8.056617830195158
2025-05-17 02:09:45-04:00,103227,103228.66666666667,7.751343966422337
2025-05-17 02:10:55-04:00,103223,103227.16666666667,7.209001104311754
2025-05-17 02:11:05-04:00,103223,103225.66666666667,6.529072509237085
2025-05-17 02:11:15-04:00,103223,103225.0,5.832900412715341
2025-05-17 02:11:25-04:00,103223,103224.33333333333,4.944387691994723
2025-05-17 02:11:35-04:00,103223,103223.66666666667,3.7284735620844764
2025-05-17 02:11:46-04:00,103223,103223.0,3.43334803649212
2025-05-17 02:12:56-04:00,103219,103222.33333333333,3.360871092067713
2025-05-17 02:13:06-04:00,103219,103221.66666666667,2.8709622419487215
2025-05-17 02:13:16-04:00,103216,103220.5,3.4145410909140557
2025-05-17 02:13:26-04:00,103216,103219.33333333333,3.6390141790128467
2025-05-17 02:13:36-04:00,103216,103218.16666666667,3.6045005472688394
2025-05-17 02:13:46-04:00,103216,103217.0,3.3028912882709136
2025-05-17 02:14:57-04:00,103215,103216.33333333333,3.44656174063039
2025-05-17 02:15:07-04:00,103215,103215.66666666667,3.4465617406502216
2025-05-17 02:15:17-04:00,103214,103215.33333333333,3.39674531593872
2025-05-17 02:15:27-04:00,103214,103215.0,3.157482687730944
2025-05-17 02:15:37-04:00,103214,103214.66666666667,2.678477623207045
2025-05-17 02:15:47-04:00,103214,103214.33333333333,1.775250716220507
2025-05-17 02:16:58-04:00,103219,103215.0,1.775250716220507
2025-05-17 02:17:08-04:00,103219,103215.66666666667,1.775250716220507
2025-05-17 02:17:18-04:00,103212,103215.33333333333,2.059714591010344
2025-05-17 02:17:28-04:00,103212,103215.0,2.2563042890929133
2025-05-17 02:17:38-04:00,103212,103214.66666666667,2.386832556153852
2025-05-17 02:17:48-04:00,103212,103214.33333333333,2.4618298102897906
2025-05-17 02:18:59-04:00,103203,103211.66666666667,4.075053442659626
2025-05-17 02:19:09-04:00,103203,103209.0,4.996968773607841
2025-05-17 02:19:19-04:00,103203,103207.5,5.632024229762416
2025-05-17 02:19:30-04:00,103203,103206.0,6.052797996920357
2025-05-17 02:19:40-04:00,103203,103204.5,6.302356458110033
2025-05-17 02:19:50-04:00,103203,103203.0,6.400757527457327
2025-05-17 02:20:00-04:00,103203,103203.0,5.678241294481087
2025-05-17 02:21:11-04:00,103226,103206.83333333333,7.153617433161604
2025-05-17 02:21:21-04:00,103226,103210.66666666667,8.82618349611116
2025-05-17 02:21:31-04:00,103232,103215.5,11.038156958749791
2025-05-17 02:21:41-04:00,103232,103220.33333333333,12.638025831766242
2025-05-17 02:21:51-04:00,103232,103225.16666666667,13.83972105001319
2025-05-17 02:22:01-04:00,103232,103230.0,14.254185986422666
2025-05-17 02:23:12-04:00,103229,103230.5,13.989173301169302
2025-05-17 02:23:22-04:00,103229,103231.0,13.340528359939915
2025-05-17 02:23:32-04:00,103235,103231.5,12.631130372911933
2025-05-17 02:23:42-04:00,103235,103232.0,11.207410965852192
2025-05-17 02:23:52-04:00,103229,103231.5,8.510243379316263
2025-05-17 02:24:02-04:00,103235,103232.0,3.2192602122263856
2025-05-17 02:24:12-04:00,103235,103233.0,2.9886147513582326
2025-05-17 02:51:01-04:00,103154,103220.5,22.720135241808947
2025-05-17 02:51:11-04:00,103154,103207.0,30.570707904318212
2025-05-17 02:51:21-04:00,103154,103193.5,35.50704155451935
2025-05-17 02:51:31-04:00,103154,103181.0,38.66199684387555
2025-05-17 02:51:41-04:00,103154,103167.5,40.45451991774821
2025-05-17 02:52:51-04:00,103165,103155.83333333333,40.4665031692424
2025-05-17 02:53:02-04:00,103163,103157.33333333333,39.81881312579999
2025-05-17 02:53:12-04:00,103163,103158.83333333333,37.606716839892066
2025-05-17 02:53:22-04:00,103163,103160.33333333333,34.12399404610905
2025-05-17 02:53:32-04:00,103163,103161.83333333333,30.040755144636897
2025-05-17 02:53:42-04:00,103163,103163.33333333333,22.40721609878456
2025-05-17 02:54:52-04:00,103159,103162.33333333333,4.679905460274865
2025-05-17 02:55:03-04:00,103159,103161.66666666667,4.400413199819323
2025-05-17 02:55:13-04:00,103157,103160.66666666667,4.136863102532504
2025-05-17 02:55:23-04:00,103157,103159.66666666667,3.8376128898943933
2025-05-17 02:55:33-04:00,103157,103158.66666666667,3.493500453686868
2025-05-17 02:55:43-04:00,103157,103157.66666666667,3.089571897653701
2025-05-17 02:56:53-04:00,103150,103156.16666666667,4.002839896657837
2025-05-17 02:57:04-04:00,103150,103154.66666666667,4.608950445403736
2025-05-17 02:57:15-04:00,103143,103152.33333333333,6.082762527510068
2025-05-17 02:57:25-04:00,103143,103150.0,6.833518102952963
2025-05-17 02:57:35-04:00,103143,103147.66666666667,7.094598882255091
2025-05-17 02:57:45-04:00,103143,103145.33333333333,6.921639320000356
2025-05-17 02:58:55-04:00,103143,103144.16666666667,6.8865261483265785
2025-05-17 02:59:05-04:00,103143,103143.0,6.56205806345972
2025-05-17 02:59:15-04:00,103133,103141.33333333333,7.444745958880919
2025-05-17 02:59:25-04:00,103133,103139.66666666667,7.685089851722458
2025-05-17 02:59:36-04:00,103133,103138.0,7.346407076834705
2025-05-17 02:59:46-04:00,103133,103136.33333333333,6.336522320705835
2025-05-17 03:00:57-04:00,103132,103134.5,6.095204272304153
2025-05-17 03:01:07-04:00,103132,103132.66666666667,5.407626486024281
2025-05-17 03:01:17-04:00,103132,103132.5,5.3844613669851995
2025-05-17 03:01:27-04:00,103113,103129.16666666667,8.414903804043757
2025-05-17 03:01:37-04:00,103113,103125.83333333333,9.94949366619831
2025-05-17 03:01:47-04:00,103113,103122.5,10.655415466313375
2025-05-17 03:02:57-04:00,103100,103117.16666666667,12.705284034486581
2025-05-17 03:03:08-04:00,103100,103111.83333333333,13.464600050468793
2025-05-17 03:03:18-04:00,103100,103106.5,14.406437953907114
2025-05-17 03:03:28-04:00,103096,103103.66666666667,15.192452271956698
2025-05-17 03:03:38-04:00,103096,103100.83333333333,15.27525231572633
2025-05-17 03:03:48-04:00,103096,103098.0,14.666752753763747
2025-05-17 03:05:34-04:00,103085,103095.5,14.60593486602173
2025-05-17 03:05:44-04:00,103085,103093.0,13.344786746559691
2025-05-17 03:05:54-04:00,103085,103090.5,10.457707030802412
2025-05-17 03:06:04-04:00,103085,103088.66666666667,10.043843281215533
2025-05-17 03:06:14-04:00,103085,103086.83333333333,8.973023542507667
2025-05-17 03:06:24-04:00,103085,103085.0,6.94785774554974
2025-05-17 03:06:35-04:00,103085,103085.0,6.6212467912632444
2025-05-17 03:06:46-04:00,103085,103085.0,5.999999998345512
2025-05-17 03:07:56-04:00,103090,103085.83333333333,4.932882860320409
2025-05-17 03:08:07-04:00,103090,103086.66666666667,4.334498675543557
2025-05-17 03:08:17-04:00,103090,103087.5,3.563280746373999
2025-05-17 03:08:27-04:00,103091,103088.5,2.5980762076187585
2025-05-17 03:08:37-04:00,103091,103089.5,2.800162329474227
2025-05-17 03:08:47-04:00,103091,103090.5,2.89592189410612
2025-05-17 03:09:57-04:00,103095,103091.33333333333,3.4234042925027244
2025-05-17 03:10:07-04:00,103095,103092.16666666667,3.6793856508851728
2025-05-17 03:10:17-04:00,103095,103093.0,3.7203372254149265
2025-05-17 03:10:28-04:00,103098,103094.16666666667,3.93892770876145
2025-05-17 03:10:38-04:00,103098,103095.33333333333,3.8247598432187346
2025-05-17 03:10:48-04:00,103098,103096.5,3.3439225710436835
2025-05-17 03:11:59-04:00,103101,103097.5,3.7769235489071966
2025-05-17 03:12:09-04:00,103101,103098.5,3.938927708668248
2025-05-17 03:12:19-04:00,103101,103099.5,3.8641710832477245
2025-05-17 03:12:29-04:00,103101,103100.0,3.7040109271343837
2025-05-17 03:12:39-04:00,103101,103100.5,3.3154825019759406
2025-05-17 03:12:49-04:00,103100,103100.83333333333,2.534608924981692
2025-05-17 03:14:00-04:00,103089,103098.83333333333,3.663910807140758
2025-05-17 03:14:10-04:00,103089,103096.83333333333,4.458563429773498
2025-05-17 03:14:20-04:00,103089,103094.83333333333,5.07817671674482
2025-05-17 03:14:30-04:00,103089,103092.83333333333,5.583389866647662
2025-05-17 03:14:40-04:00,103089,103090.83333333333,5.944184831597915
2025-05-17 03:15:50-04:00,103098,103090.5,5.944184831597915
2025-05-17 03:16:00-04:00,103098,103092.0,5.759708534565659
2025-05-17 03:16:10-04:00,103098,103093.5,5.556868529822915
2025-05-17 03:16:20-04:00,103098,103095.0,5.333570068534029
2025-05-17 03:16:30-04:00,103098,103096.5,5.087119799829986
2025-05-17 03:16:41-04:00,103100,103098.33333333333,4.981024597374762
2025-05-17 03:17:51-04:00,103100,103098.66666666667,4.981024597374762
2025-05-17 03:18:01-04:00,103100,103099.0,4.871064843147952
2025-05-17 03:18:12-04:00,103102,103099.66666666667,4.737823305659565
2025-05-17 03:18:22-04:00,103102,103100.33333333333,4.313474305538057
2025-05-17 03:18:32-04:00,103102,103101.0,3.4935004555324727
2025-05-17 03:18:42-04:00,103100,103101.0,1.6696942133122057
2025-05-17 03:19:52-04:00,103100,103101.0,1.5859229152809955
2025-05-17 03:20:03-04:00,103100,103101.0,1.477097884317612
2025-05-17 03:20:13-04:00,103100,103100.66666666667,1.3371158386205788
2025-05-17 03:20:23-04:00,103100,103100.33333333333,1.1547005288457772
2025-05-17 03:20:33-04:00,103100,103100.0,0.9045340215468282
2025-05-17 03:20:43-04:00,103099,103099.83333333333,0.9962049088375659
2025-05-17 03:21:54-04:00,103104,103100.5,1.422226160158704
2025-05-17 03:22:04-04:00,103104,103101.16666666667,1.6764862177978574
2025-05-17 03:22:14-04:00,103104,103101.83333333333,1.8647446755808248
2025-05-17 03:22:24-04:00,103104,103102.5,2.0207259366723043
2025-05-17 03:22:35-04:00,103104,103103.16666666667,2.151461795283742
2025-05-17 03:22:45-04:00,103104,103104.0,2.193309380438707
2025-05-17 03:23:55-04:00,103108,103104.66666666667,2.7122058520023264
2025-05-17 03:24:05-04:00,103108,103105.33333333333,2.9886147559105574
2025-05-17 03:24:15-04:00,103108,103106.0,3.0883456356360743
2025-05-17 03:24:26-04:00,103114,103107.66666666667,3.987670388652178
2025-05-17 03:24:36-04:00,103108,103108.33333333333,3.7203372250093363
2025-05-17 03:24:46-04:00,103114,103110.0,3.765875483663504
2025-05-17 03:25:56-04:00,103120,103112.0,5.175700799338197
2025-05-17 03:26:06-04:00,103120,103114.0,5.95945899317108
2025-05-17 03:26:17-04:00,103122,103116.33333333333,6.630965008618396
2025-05-17 03:26:27-04:00,103120,103117.33333333333,6.667424197552669
2025-05-17 03:26:37-04:00,103120,103119.33333333333,6.4078550261316325
2025-05-17 03:26:47-04:00,103120,103120.33333333333,5.8127341899439475
2025-05-17 03:27:58-04:00,103121,103120.5,5.561638082136544
2025-05-17 03:28:08-04:00,103121,103120.66666666667,5.051252467436935
2025-05-17 03:28:18-04:00,103121,103120.5,4.187825063476924
2025-05-17 03:28:28-04:00,103122,103120.83333333333,4.055486366793484
2025-05-17 03:28:38-04:00,103121,103121.0,2.081665993241217
2025-05-17 03:28:48-04:00,103121,103121.16666666667,0.7537783441900254
2025-05-17 03:29:59-04:00,103121,103121.16666666667,0.7177405444352325
2025-05-17 03:30:09-04:00,103121,103121.16666666667,0.6685579039487826
2025-05-17 03:30:19-04:00,103121,103121.16666666667,0.5773502466504199
2025-05-17 03:30:29-04:00,103121,103121.0,0.5149286252613134
2025-05-17 03:30:39-04:00,103121,103121.0,0.426401402165116
2025-05-17 03:30:50-04:00,103121,103121.0,0.288675089452814
2025-05-17 03:31:00-04:00,103121,103121.0,0.288675089452814
2025-05-17 03:32:10-04:00,103122,103121.16666666667,0.3892494385870735
2025-05-17 03:32:20-04:00,103122,103121.33333333333,0.4522669880280801
2025-05-17 03:32:30-04:00,103122,103121.5,0.4522669880280801
2025-05-17 03:32:40-04:00,103124,103122.0,0.9045340192960927
2025-05-17 03:32:51-04:00,103124,103122.5,1.1381803544719589
2025-05-17 03:33:01-04:00,103124,103123.0,1.2792042879002021
2025-05-17 03:34:11-04:00,103121,103122.83333333333,1.2792042879002021
2025-05-17 03:34:22-04:00,103121,103122.66666666667,1.2792042879002021
2025-05-17 03:34:32-04:00,103121,103122.5,1.2792042879002021
2025-05-17 03:34:42-04:00,103121,103122.0,1.2792042879002021
2025-05-17 03:34:52-04:00,103121,103121.5,1.2792042879002021
2025-05-17 03:35:02-04:00,103128,103122.16666666667,2.108783931728993
2025-05-17 03:35:12-04:00,103128,103123.33333333333,2.609713783979876
2025-05-17 03:36:23-04:00,103127,103124.33333333333,2.8123105949960463
2025-05-17 03:36:33-04:00,103127,103125.33333333333,2.937479847142808
2025-05-17 03:36:43-04:00,103127,103126.33333333333,3.0698928967946024
2025-05-17 03:36:53-04:00,103108,103124.16666666667,5.5894923039694655
2025-05-17 03:37:03-04:00,103108,103120.83333333333,7.012974986102429
2025-05-17 03:37:13-04:00,103108,103117.5,8.027886999140634
2025-05-17 03:37:23-04:00,103108,103114.33333333333,8.783593520059897
2025-05-17 03:37:33-04:00,103108,103111.16666666667,9.34320365397835
2025-05-17 03:38:44-04:00,103110,103108.33333333333,9.585342344077011
2025-05-17 03:38:54-04:00,103110,103108.66666666667,9.727732924646903
2025-05-17 03:39:04-04:00,103115,103109.83333333333,9.018499504236893
2025-05-17 03:39:14-04:00,103115,103111.0,8.091802809139134
2025-05-17 03:39:24-04:00,103115,103112.16666666667,7.046920666783081
2025-05-17 03:39:34-04:00,103115,103113.33333333333,5.626641172498581
2025-05-17 03:39:44-04:00,103115,103114.16666666667,3.3878123770910986
2025-05-17 03:40:55-04:00,103117,103115.33333333333,3.59292233204359
2025-05-17 03:41:05-04:00,103118,103115.83333333333,3.737605777043427
2025-05-17 03:41:15-04:00,103118,103116.33333333333,3.6762958925948537
2025-05-17 03:41:25-04:00,103118,103116.83333333333,3.397860285544258
2025-05-17 03:41:35-04:00,103118,103117.33333333333,2.839120644689606
2025-05-17 03:41:45-04:00,103118,103117.83333333333,2.374102695918577
2025-05-17 03:42:55-04:00,103121,103118.5,1.928651586988262
2025-05-17 03:43:05-04:00,103121,103119.0,2.1514617944629277
2025-05-17 03:43:15-04:00,103125,103120.16666666667,2.92714567323648
2025-05-17 03:43:26-04:00,103125,103121.33333333333,3.3154825013133675
2025-05-17 03:43:36-04:00,103125,103122.5,3.449857261617927
2025-05-17 03:43:46-04:00,103125,103123.66666666667,3.3608710953286267
2025-05-17 03:44:56-04:00,103129,103125.0,3.8876260542307515
2025-05-17 03:45:07-04:00,103129,103126.33333333333,4.206776636666825
2025-05-17 03:45:17-04:00,103130,103127.16666666667,4.4175956683380235
2025-05-17 03:45:27-04:00,103130,103128.0,4.376244408760903
2025-05-17 03:45:37-04:00,103130,103128.83333333333,4.075053445009334
2025-05-17 03:45:47-04:00,103130,103129.66666666667,3.446561743583449
2025-05-17 03:46:57-04:00,103138,103131.16666666667,4.294993558832053
2025-05-17 03:47:08-04:00,103138,103132.66666666667,4.5427264511194565
2025-05-17 03:47:18-04:00,103141,103134.5,5.373898757145682
2025-05-17 03:47:28-04:00,103141,103136.33333333333,5.7656243560974145
2025-05-17 03:47:38-04:00,103141,103138.16666666667,5.80751863539025
2025-05-17 03:47:48-04:00,103141,103140.0,5.507570544838075
2025-05-17 03:48:58-04:00,103141,103140.5,5.441145153275478
2025-05-17 03:49:08-04:00,103141,103141.0,5.166911037538546
2025-05-17 03:49:19-04:00,103140,103140.83333333333,4.754583113045678
2025-05-17 03:49:29-04:00,103140,103140.66666666667,4.123105622311331
2025-05-17 03:49:39-04:00,103140,103140.5,3.143053905275125
2025-05-17 03:49:49-04:00,103140,103140.33333333333,1.1146408457551125
2025-05-17 03:51:00-04:00,103139,103140.0,0.965307284966855
2025-05-17 03:51:10-04:00,103139,103139.66666666667,0.7784989265531247
2025-05-17 03:51:20-04:00,103144,103140.33333333333,1.3113721600906767
2025-05-17 03:51:30-04:00,103144,103141.0,1.6422453134388257
2025-05-17 03:51:40-04:00,103144,103141.66666666667,1.8809249746868437
2025-05-17 03:52:51-04:00,103145,103142.5,2.1933093792474843
2025-05-17 03:53:01-04:00,103145,103143.5,2.416797273947132
2025-05-17 03:53:11-04:00,103145,103144.5,2.574643247362751
2025-05-17 03:53:21-04:00,103146,103144.83333333333,2.712205851034532
2025-05-17 03:53:31-04:00,103146,103145.16666666667,2.7455197613809585
2025-05-17 03:53:41-04:00,103146,103145.5,2.6784776266427084
2025-05-17 03:54:51-04:00,103149,103146.16666666667,2.8391206442631223
2025-05-17 03:55:01-04:00,103149,103146.83333333333,2.5878503953916208
2025-05-17 03:55:11-04:00,103149,103147.5,1.9540168346334144
2025-05-17 03:55:22-04:00,103149,103148.0,2.020725935184716
2025-05-17 03:55:32-04:00,103149,103148.5,1.9924098326999131
2025-05-17 03:55:42-04:00,103149,103149.0,1.8647446739338347
2025-05-17 03:56:52-04:00,103155,103150.0,2.778434260746842
2025-05-17 03:57:02-04:00,103155,103151.0,3.2321772334563894
2025-05-17 03:57:12-04:00,103155,103152.0,3.414541093691866
2025-05-17 03:57:23-04:00,103158,103153.5,3.934116508010196
2025-05-17 03:57:33-04:00,103158,103155.0,4.136863103229959
2025-05-17 03:57:43-04:00,103158,103156.5,4.0704031482534555
2025-05-17 03:58:53-04:00,103161,103157.5,4.5151260898672065
2025-05-17 03:59:03-04:00,103161,103158.5,4.692837866756809
2025-05-17 03:59:13-04:00,103161,103159.5,4.6343578517538795
2025-05-17 03:59:23-04:00,103161,103160.0,4.3301270155433365
2025-05-17 03:59:33-04:00,103164,103161.0,4.045199171148703
2025-05-17 03:59:44-04:00,103164,103162.0,3.250874003815272
2025-05-17 04:00:54-04:00,103175,103164.33333333333,5.333570067722397
2025-05-17 04:01:04-04:00,103175,103166.66666666667,6.34548276219368
2025-05-17 04:01:14-04:00,103175,103169.0,6.784005250786605
2025-05-17 04:01:25-04:00,103175,103171.33333333333,7.126561496100685
2025-05-17 04:01:35-04:00,103183,103174.5,8.247589177592287
2025-05-17 04:01:45-04:00,103183,103177.66666666667,8.705623398545152
2025-05-17 04:02:55-04:00,103180,103178.5,8.680786863834866
2025-05-17 04:03:05-04:00,103180,103179.33333333333,8.333939370048627
2025-05-17 04:03:15-04:00,103180,103180.16666666667,7.621242241412372
2025-05-17 04:03:26-04:00,103180,103181.0,6.4220264878972015
2025-05-17 04:03:36-04:00,103184,103181.16666666667,5.5075705444447935
2025-05-17 04:03:46-04:00,103184,103181.33333333333,3.655630770768441
2025-05-17 04:05:12-04:00,103191,103183.16666666667,4.648231983722415
2025-05-17 04:11:43-04:00,103183,103183.66666666667,4.295875396578865
2025-05-17 04:12:27-04:00,103183,103184.16666666667,3.785938893019375
2025-05-17 04:30:33-04:00,103151,103179.33333333333,9.675022510286725
2025-05-17 04:31:46-04:00,103151,103173.83333333333,12.745765784105455
2025-05-17 04:32:17-04:00,103150,103168.16666666667,14.839290597044199
2025-05-17 04:32:30-04:00,103150,103161.33333333333,16.3269158688164
2025-05-17 04:34:25-04:00,103163,103158.0,16.33085942828252
2025-05-17 04:36:54-04:00,103169,103155.66666666667,16.07628594129883
2025-05-17 04:37:04-04:00,103169,103158.66666666667,15.75955698403807
2025-05-17 04:38:04-04:00,103171,103162.0,15.066267759867827
2025-05-17 04:38:16-04:00,103171,103165.5,14.249933544768954
2025-05-17 04:38:48-04:00,103171,103169.0,12.186679264060082
2025-05-17 04:39:47-04:00,103171,103170.33333333333,11.027513798500728
2025-05-17 04:40:39-04:00,103175,103171.33333333333,9.977246840467409
2025-05-17 04:42:53-04:00,103179,103173.0,10.061929447789806
2025-05-17 04:43:03-04:00,103179,103174.33333333333,9.542568104561115
2025-05-17 04:43:14-04:00,103179,103175.66666666667,8.08430952990472
2025-05-17 04:43:24-04:00,103197,103180.0,8.575864651109761
2025-05-17 04:43:34-04:00,103197,103184.33333333333,9.939209161509735
2025-05-17 04:43:44-04:00,103197,103188.0,11.031634949773334
2025-05-17 04:44:55-04:00,103198,103191.16666666667,11.642073645005942
2025-05-17 04:45:05-04:00,103198,103194.33333333333,11.911288253016615
2025-05-17 04:45:15-04:00,103198,103197.5,11.712140811641127
2025-05-17 04:45:25-04:00,103198,103197.66666666667,11.019266871780365
2025-05-17 04:45:35-04:00,103200,103198.16666666667,9.873057920134862
2025-05-17 04:45:45-04:00,103200,103198.66666666667,8.700400546172226
2025-05-17 04:46:56-04:00,103200,103199.0,7.5973480199609
2025-05-17 04:47:06-04:00,103200,103199.33333333333,5.749835304350907
2025-05-17 04:47:16-04:00,103200,103199.66666666667,1.3113721577427349
2025-05-17 04:47:26-04:00,103203,103200.5,1.7298624826242934
2025-05-17 04:47:36-04:00,103203,103201.0,1.9286515849225137
2025-05-17 04:47:46-04:00,103203,103201.5,1.9752253334245076
2025-05-17 04:48:57-04:00,103205,103202.33333333333,2.3094010694498093
2025-05-17 04:49:07-04:00,103205,103203.16666666667,2.4541245361474067
2025-05-17 04:49:18-04:00,103205,103204.0,2.443296325834819
2025-05-17 04:49:28-04:00,103205,103204.33333333333,2.274696109445754
2025-05-17 04:49:38-04:00,103205,103204.66666666667,2.2495790776613025
2025-05-17 04:49:48-04:00,103205,103205.0,2.1373305275949863
2025-05-17 04:50:58-04:00,103205,103205.0,1.9227505462066874
2025-05-17 04:51:08-04:00,103205,103205.0,1.5642792790583695
2025-05-17 04:51:18-04:00,103205,103205.0,0.9045340148691468
2025-05-17 04:51:28-04:00,103205,103205.0,0.7784989222298123
2025-05-17 04:51:38-04:00,103205,103205.0,0.577350239597176
2025-05-17 04:51:48-04:00,103209,103205.66666666667,1.1547005235512349
2025-05-17 04:52:59-04:00,103212,103206.83333333333,2.2343733367770007
2025-05-17 04:53:09-04:00,103212,103208.0,2.8123105935651544
2025-05-17 04:53:19-04:00,103220,103210.5,4.750598044833363
2025-05-17 04:53:29-04:00,103212,103211.66666666667,4.8116021361726204
2025-05-17 04:53:39-04:00,103220,103214.16666666667,5.728054296680796
2025-05-17 04:53:49-04:00,103220,103216.0,6.249848480206522
2025-05-17 04:54:00-04:00,103232,103219.33333333333,8.43648282098972
2025-05-17 04:55:10-04:00,103237,103223.5,10.463138759068807
2025-05-17 04:55:20-04:00,103232,103225.5,10.83764482802938
2025-05-17 04:55:31-04:00,103232,103228.83333333333,10.695156081144603
2025-05-17 04:55:41-04:00,103237,103231.66666666667,10.535294215434282
2025-05-17 04:55:51-04:00,103237,103234.5,10.27021288437141
2025-05-17 04:56:01-04:00,103237,103235.33333333333,9.865765722746662
2025-05-17 04:57:12-04:00,103243,103236.33333333333,9.538994926347506
2025-05-17 04:57:22-04:00,103243,103238.16666666667,9.675022509961064
2025-05-17 04:57:32-04:00,103243,103240.0,7.867751591993102
2025-05-17 04:57:42-04:00,103261,103244.0,9.721890324232637
2025-05-17 04:57:52-04:00,103261,103248.0,10.082613295662457
2025-05-17 04:58:02-04:00,103261,103252.0,11.089170254360404
2025-05-17 04:58:12-04:00,103261,103255.0,11.911288252706903
2025-05-17 04:59:23-04:00,103291,103263.0,16.892485328269295
2025-05-17 04:59:33-04:00,103291,103271.0,19.393063426136063
2025-05-17 04:59:43-04:00,103293,103276.33333333333,21.191050139607682
2025-05-17 04:59:53-04:00,103293,103281.66666666667,21.783368689746105
2025-05-17 05:00:03-04:00,103293,103287.0,21.27097894814206
2025-05-17 05:00:13-04:00,103293,103292.33333333333,20.49094404453329
2025-05-17 05:00:24-04:00,103297,103293.33333333333,19.02072235076597
2025-05-17 05:00:34-04:00,103293,103293.66666666667,15.824798336186369
2025-05-17 05:01:44-04:00,103329,103299.66666666667,19.287301520853404
2025-05-17 05:01:54-04:00,103329,103305.66666666667,20.579483751327736
2025-05-17 05:02:04-04:00,103329,103311.66666666667,20.123858897475685
2025-05-17 05:02:15-04:00,103329,103317.66666666667,17.786613964420738
2025-05-17 05:02:25-04:00,103329,103323.0,18.438267188791247
2025-05-17 05:02:35-04:00,103329,103329.0,18.48504719096995
2025-05-17 05:02:45-04:00,103334,103329.83333333333,18.57723435602979
2025-05-17 05:03:56-04:00,103339,103331.5,18.426553631724456
2025-05-17 05:04:06-04:00,103339,103333.16666666667,17.3753133815233
2025-05-17 05:04:16-04:00,103339,103334.83333333333,15.238259264394847
2025-05-17 05:04:26-04:00,103339,103336.5,12.483625637012482
2025-05-17 05:04:36-04:00,103339,103338.16666666667,4.9810245948530945
2025-05-17 05:04:46-04:00,103345,103340.0,5.728054295697816
2025-05-17 05:05:57-04:00,103338,103339.83333333333,5.4661492691480085
2025-05-17 05:06:07-04:00,103338,103339.66666666667,5.0714590527267065
2025-05-17 05:06:17-04:00,103338,103339.5,4.509249747695424
2025-05-17 05:06:27-04:00,103338,103339.33333333333,3.7040109237715764
2025-05-17 05:06:38-04:00,103338,103339.16666666667,2.424621172983179
2025-05-17 05:06:48-04:00,103338,103338.0,1.954016829983559
2025-05-17 05:07:58-04:00,103357,103341.16666666667,5.551412592468098
2025-05-17 05:08:08-04:00,103357,103344.33333333333,7.273863544408216
2025-05-17 05:08:19-04:00,103357,103347.5,8.372031357109904
2025-05-17 05:08:29-04:00,103357,103350.66666666667,9.075441384148602
2025-05-17 05:08:39-04:00,103364,103355.0,10.35249933000071
2025-05-17 05:08:49-04:00,103364,103359.33333333333,11.40441169083293
2025-05-17 05:10:00-04:00,103355,103359.0,11.007917258847275
2025-05-17 05:10:10-04:00,103355,103358.66666666667,10.387930056679101
2025-05-17 05:10:20-04:00,103355,103358.33333333333,9.500797412244264
2025-05-17 05:10:30-04:00,103355,103358.0,8.260897299673987
2025-05-17 05:10:40-04:00,103362,103357.66666666667,6.705944894121484
2025-05-17 05:11:51-04:00,103350,103355.33333333333,4.119429198683825
2025-05-17 05:12:01-04:00,103350,103354.5,4.634357849860131
2025-05-17 05:12:11-04:00,103350,103353.66666666667,5.024183933310593
2025-05-17 05:12:21-04:00,103350,103352.83333333333,5.316498045563507
2025-05-17 05:12:31-04:00,103350,103352.0,5.526794233441291
2025-05-17 05:12:42-04:00,103350,103350.0,4.895885713850732
2025-05-17 05:13:53-04:00,103348,103349.66666666667,3.965762559803116
2025-05-17 05:14:03-04:00,103348,103349.33333333333,4.077841074918605
2025-05-17 05:14:13-04:00,103348,103349.0,4.097301397434894
2025-05-17 05:14:23-04:00,103348,103348.66666666667,4.025486977760869
2025-05-17 05:14:33-04:00,103348,103348.33333333333,3.857303181290765
2025-05-17 05:14:43-04:00,103351,103348.5,1.1381803455949022
2025-05-17 05:15:54-04:00,103351,103349.0,1.2309148909615648
2025-05-17 05:16:04-04:00,103365,103351.83333333333,4.699290721684663
2025-05-17 05:16:14-04:00,103365,103354.66666666667,6.264377398906299
2025-05-17 05:16:24-04:00,103365,103357.5,7.279589562321394
2025-05-17 05:16:34-04:00,103365,103360.33333333333,7.958224254612532
2025-05-17 05:16:44-04:00,103365,103362.66666666667,8.38243111921964
2025-05-17 05:17:54-04:00,103374,103366.5,9.526279439173507
2025-05-17 05:18:05-04:00,103374,103368.0,10.04949870369477
2025-05-17 05:18:15-04:00,103374,103369.5,10.04949870369149
2025-05-17 05:18:25-04:00,103374,103371.0,9.526279439163128
2025-05-17 05:18:35-04:00,103374,103372.5,8.382431119197447
2025-05-17 05:18:45-04:00,103374,103374.0,7.062491616394118
2025-05-17 05:19:57-04:00,103374,103374.0,4.63435784980172
2025-05-17 05:20:07-04:00,103373,103373.83333333333,4.378840300461132
2025-05-17 05:20:17-04:00,103373,103373.66666666667,3.98767038559629
2025-05-17 05:20:27-04:00,103373,103373.5,3.4145410909339207
2025-05-17 05:20:37-04:00,103373,103373.33333333333,2.539088350076851
2025-05-17 05:20:47-04:00,103373,103373.16666666667,0.5149286044011361
2025-05-17 05:21:58-04:00,103366,103371.83333333333,2.234373333833853
2025-05-17 05:22:08-04:00,103362,103370.0,3.8247598397006377
2025-05-17 05:22:18-04:00,103362,103368.16666666667,4.699290721588213
2025-05-17 05:22:28-04:00,103362,103366.33333333333,5.230302147945418
2025-05-17 05:22:38-04:00,103362,103364.5,5.517877277520678
2025-05-17 05:22:49-04:00,103362,103362.66666666667,5.59964825314495
2025-05-17 05:23:59-04:00,103353,103360.5,6.699163218776718
2025-05-17 05:24:09-04:00,103350,103358.5,7.770866334554279
2025-05-17 05:24:19-04:00,103350,103356.5,8.238858405874048
2025-05-17 05:24:29-04:00,103350,103354.5,8.207073812231013
2025-05-17 05:24:40-04:00,103350,103352.5,7.669301257064354
2025-05-17 05:24:50-04:00,103350,103350.5,6.5011653931163265
2025-05-17 05:25:00-04:00,103350,103350.0,6.017021306934665
2025-05-17 05:26:10-04:00,103348,103349.66666666667,5.946096245408251
2025-05-17 05:26:20-04:00,103348,103349.33333333333,5.615859572807943
2025-05-17 05:26:30-04:00,103348,103349.0,4.974937180872466
2025-05-17 05:26:40-04:00,103348,103348.66666666667,3.87200519060139
2025-05-17 05:26:50-04:00,103348,103348.33333333333,1.5050420156155475
2025-05-17 05:27:01-04:00,103348,103348.0,1.0444659135311751
2025-05-17 05:28:11-04:00,103326,103344.33333333333,6.68784514480463
2025-05-17 05:28:21-04:00,103326,103340.66666666667,8.923920864171253
2025-05-17 05:28:32-04:00,103326,103337.0,10.286796477612056
2025-05-17 05:28:42-04:00,103326,103333.33333333333,11.10282519120018
2025-05-17 05:28:52-04:00,103326,103329.66666666667,11.489125291058176
2025-05-17 05:29:02-04:00,103326,103326.0,11.489125291058176
2025-05-17 05:29:12-04:00,103323,103325.5,11.57943579311927
2025-05-17 05:30:22-04:00,103316,103323.83333333333,11.970607941918274
2025-05-17 05:30:33-04:00,103316,103322.16666666667,11.704376283940375
2025-05-17 05:30:43-04:00,103316,103320.5,10.731926312543226
2025-05-17 05:30:53-04:00,103316,103318.83333333333,8.822749517268035
2025-05-17 05:31:03-04:00,103316,103317.16666666667,4.999242362188472
2025-05-17 05:31:13-04:00,103305,103314.16666666667,6.699163218808596
2025-05-17 05:31:23-04:00,103305,103312.33333333333,7.621242240393791
2025-05-17 05:31:33-04:00,103305,103310.5,8.037789531921922
2025-05-17 05:32:44-04:00,103275,103303.66666666667,13.846288200203038
2025-05-17 05:32:54-04:00,103275,103296.83333333333,16.715987627944163
2025-05-17 05:33:04-04:00,103286,103291.83333333333,16.752204738172146
2025-05-17 05:33:14-04:00,103286,103288.66666666667,16.439743047514465
2025-05-17 05:33:24-04:00,103286,103285.5,16.300910923096087
2025-05-17 05:33:35-04:00,103286,103282.33333333333,15.733336541901922
2025-05-17 05:33:45-04:00,103286,103284.16666666667,14.687399256588469
2025-05-17 05:34:55-04:00,103289,103286.5,12.96381911371852
2025-05-17 05:35:05-04:00,103289,103287.0,10.457344813983145
2025-05-17 05:35:15-04:00,103289,103287.5,9.238834372282344
2025-05-17 05:35:25-04:00,103289,103288.0,7.581376700811977
2025-05-17 05:35:36-04:00,103289,103288.5,5.071459052576449
2025-05-17 05:35:46-04:00,103289,103289.0,3.94181160638268
2025-05-17 05:36:56-04:00,103285,103288.33333333333,1.6764862102037272
2025-05-17 05:37:07-04:00,103286,103287.83333333333,1.6764862102037272
2025-05-17 05:37:17-04:00,103285,103287.16666666667,1.7752507157881712
2025-05-17 05:37:27-04:00,103286,103286.66666666667,1.7752507157881712
2025-05-17 05:37:37-04:00,103286,103286.16666666667,1.7752507157881712
2025-05-17 05:37:47-04:00,103286,103285.66666666667,1.7752507157881712
2025-05-17 05:38:58-04:00,103284,103285.5,1.928651581301146
2025-05-17 05:39:08-04:00,103284,103285.16666666667,1.97714209439248
2025-05-17 05:39:18-04:00,103284,103285.0,1.9286515812856477
2025-05-17 05:39:28-04:00,103281,103284.16666666667,2.193309374633449
2025-05-17 05:39:38-04:00,103281,103283.33333333333,2.220769716564445
2025-05-17 05:39:48-04:00,103281,103282.5,2.0207259303180862
2025-05-17 05:40:59-04:00,103265,103279.33333333333,5.838093291928994
2025-05-17 05:41:09-04:00,103257,103274.83333333333,9.234323322494955
2025-05-17 05:41:19-04:00,103257,103270.33333333333,11.187113796815119
2025-05-17 05:41:29-04:00,103257,103266.33333333333,12.30022172550292
2025-05-17 05:41:40-04:00,103257,103262.33333333333,12.833431717499863
2025-05-17 05:41:50-04:00,103257,103258.33333333333,12.859084748009224
2025-05-17 05:42:00-04:00,103258,103257.16666666667,12.548994887137326
2025-05-17 05:43:10-04:00,103258,103257.33333333333,11.804916795806209
2025-05-17 05:43:21-04:00,103267,103259.0,10.395220344478115
2025-05-17 05:43:31-04:00,103267,103260.66666666667,9.1004495365701
2025-05-17 05:43:41-04:00,103267,103262.33333333333,7.389591365927359
2025-05-17 05:43:51-04:00,103267,103264.0,4.839859747291008
2025-05-17 05:44:01-04:00,103267,103265.5,5.01512862255259
2025-05-17 05:45:11-04:00,103271,103267.66666666667,5.518563708423586
2025-05-17 05:45:22-04:00,103271,103268.33333333333,5.726070095397163
2025-05-17 05:45:32-04:00,103261,103267.33333333333,5.410427637653952
2025-05-17 05:45:42-04:00,103261,103266.33333333333,5.051252464959207
2025-05-17 05:45:52-04:00,103261,103265.33333333333,4.638442784470008
2025-05-17 05:46:02-04:00,103261,103264.33333333333,4.316107949122289
2025-05-17 05:46:12-04:00,103261,103262.66666666667,3.9504506775538553
2025-05-17 05:47:23-04:00,103255,103260.0,4.858606853372566
2025-05-17 05:47:33-04:00,103249,103258.0,6.42910050338983
2025-05-17 05:47:43-04:00,103249,103256.0,7.3587713037326425
2025-05-17 05:47:53-04:00,103249,103254.0,7.877855419434632
2025-05-17 05:48:03-04:00,103249,103252.0,8.066015497709841
2025-05-17 05:48:13-04:00,103246,103249.5,7.668807339410365
2025-05-17 05:48:23-04:00,103249,103248.5,6.283094195968742
2025-05-17 05:48:33-04:00,103246,103248.0,6.310164955542748
2025-05-17 05:50:42-04:00,103246,103247.5,6.062177822187139
2025-05-17 05:50:52-04:00,103246,103247.0,5.502065723016168
2025-05-17 05:51:02-04:00,103246,103246.5,4.5151260872621615
2025-05-17 05:51:12-04:00,103246,103246.5,2.6628760839094743
2025-05-17 05:51:23-04:00,103256,103247.66666666667,2.906367086988831
2025-05-17 05:51:33-04:00,103246,103247.66666666667,2.949062502609356
2025-05-17 05:51:43-04:00,103256,103249.33333333333,3.7769235447068206
2025-05-17 05:52:53-04:00,103257,103251.16666666667,4.521832553786913
2025-05-17 05:53:03-04:00,103257,103253.0,5.065480318461191
2025-05-17 05:53:13-04:00,103257,103254.83333333333,5.31436018634487
2025-05-17 05:53:23-04:00,103261,103255.66666666667,6.050294253507544
2025-05-17 05:53:34-04:00,103257,103257.5,5.946096244949424
2025-05-17 05:53:44-04:00,103261,103258.33333333333,6.01261300100901
2025-05-17 05:54:54-04:00,103259,103258.66666666667,5.6320242292007405
2025-05-17 05:55:04-04:00,103259,103259.0,4.972652478920581
2025-05-17 05:55:14-04:00,103259,103259.33333333333,3.8954129913677256
2025-05-17 05:55:24-04:00,103259,103259.0,3.915780034993876
2025-05-17 05:55:36-04:00,103252,103258.16666666667,2.443296322373417
2025-05-17 05:55:46-04:00,103252,103256.66666666667,2.938769059576698
2025-05-17 05:56:57-04:00,103252,103255.5,3.3427896094908625
2025-05-17 05:57:07-04:00,103252,103254.33333333333,3.6514837097165724
2025-05-17 05:57:17-04:00,103252,103253.16666666667,3.88762605101565
2025-05-17 05:57:27-04:00,103252,103252.0,3.753785960819364
2025-05-17 05:57:37-04:00,103252,103252.0,3.848455015880281
2025-05-17 05:57:47-04:00,103252,103252.0,3.4465617399496997
2025-05-17 05:58:58-04:00,103248,103251.33333333333,3.5537005820826457
2025-05-17 05:59:08-04:00,103248,103250.66666666667,3.397860281642879
2025-05-17 05:59:18-04:00,103248,103250.0,2.9374798427743025
2025-05-17 05:59:28-04:00,103248,103249.33333333333,1.969463842398762
2025-05-17 05:59:38-04:00,103248,103248.66666666667,2.059714589472238
2025-05-17 05:59:48-04:00,103242,103247.0,3.089571894770284
2025-05-17 06:00:59-04:00,103244,103246.33333333333,3.352972440953802
2025-05-17 06:01:09-04:00,103244,103245.66666666667,3.459724977065716
2025-05-17 06:01:19-04:00,103244,103245.0,3.4245105744273077
2025-05-17 06:01:29-04:00,103244,103244.33333333333,3.242707427766487
2025-05-17 06:01:39-04:00,103244,103243.66666666667,2.886751336730418
2025-05-17 06:01:49-04:00,103244,103244.0,2.2763607201920304
2025-05-17 06:03:00-04:00,103241,103243.5,2.466441420306666
2025-05-17 06:03:11-04:00,103241,103243.0,2.498484378327587
2025-05-17 06:03:21-04:00,103241,103242.5,2.378884371982256
2025-05-17 06:03:31-04:00,103241,103242.0,2.0816659865022946
2025-05-17 06:03:41-04:00,103241,103241.5,1.5050420130468052
2025-05-17 06:04:52-04:00,103236,103240.16666666667,2.4293034181191087
2025-05-17 06:05:02-04:00,103234,103239.0,3.2787192538500194
2025-05-17 06:05:12-04:00,103234,103237.83333333333,3.7527767424507177
2025-05-17 06:05:22-04:00,103234,103236.66666666667,3.9876703846508867
2025-05-17 06:05:32-04:00,103234,103235.5,4.025486976676863
2025-05-17 06:05:43-04:00,103234,103234.33333333333,3.8720051894356544
2025-05-17 06:06:53-04:00,103234,103234.0,3.5021638253361216
2025-05-17 06:07:03-04:00,103233,103233.83333333333,3.4498572572867197
2025-05-17 06:07:14-04:00,103233,103233.66666666667,3.2508739997284075
2025-05-17 06:07:24-04:00,103230,103233.0,3.186144236402863
2025-05-17 06:07:34-04:00,103230,103232.33333333333,2.8109633748745333
2025-05-17 06:07:44-04:00,103233,103232.16666666667,1.7122552744801836
2025-05-17 06:08:55-04:00,103219,103229.66666666667,4.302923594239236
2025-05-17 06:09:05-04:00,103198,103223.83333333333,10.598742060973013
2025-05-17 06:09:15-04:00,103219,103221.5,10.816303628491541
2025-05-17 06:09:25-04:00,103219,103219.66666666667,10.873933243464121
2025-05-17 06:09:35-04:00,103198,103214.33333333333,13.268783139402492
2025-05-17 06:09:45-04:00,103219,103212.0,12.873216261260145
2025-05-17 06:10:56-04:00,103198,103208.5,13.989985593566576
2025-05-17 06:11:06-04:00,103192,103207.5,15.233535571165762
2025-05-17 06:11:16-04:00,103192,103203.0,15.586270179809178
2025-05-17 06:11:26-04:00,103192,103198.5,15.512214149305107
2025-05-17 06:11:36-04:00,103192,103197.5,14.712136813903717
2025-05-17 06:11:47-04:00,103180,103191.0,13.767550779930705
2025-05-17 06:12:57-04:00,103161,103184.83333333333,16.891812610379198
2025-05-17 06:13:07-04:00,103161,103179.66666666667,19.75973101099087
2025-05-17 06:13:17-04:00,103161,103174.5,20.068632238595942
2025-05-17 06:13:28-04:00,103161,103169.33333333333,19.080967828170266
2025-05-17 06:13:38-04:00,103161,103164.16666666667,19.581221676635476
2025-05-17 06:13:48-04:00,103156,103160.16666666667,16.643089381662243
2025-05-17 06:14:58-04:00,103156,103159.33333333333,15.900019056059353
2025-05-17 06:15:08-04:00,103141,103156.0,16.878352638804145
2025-05-17 06:15:18-04:00,103141,103152.66666666667,16.659468139994605
2025-05-17 06:15:29-04:00,103141,103149.33333333333,15.191704272599496
2025-05-17 06:15:39-04:00,103141,103146.0,12.02617095320171
2025-05-17 06:15:49-04:00,103141,103143.5,9.731236797691434
2025-05-17 06:16:59-04:00,103119,103137.33333333333,13.1033190303682
2025-05-17 06:17:09-04:00,103119,103133.66666666667,14.8986474850293
2025-05-17 06:17:19-04:00,103119,103130.0,15.668923110012257
2025-05-17 06:17:29-04:00,103119,103126.33333333333,15.56705923559515
2025-05-17 06:17:40-04:00,103119,103122.66666666667,14.574781038982204
2025-05-17 06:17:50-04:00,103109,103117.33333333333,14.538089988536942
2025-05-17 06:18:00-04:00,103109,103115.66666666667,13.297299790768577
2025-05-17 06:19:11-04:00,103103,103113.0,14.034589302007365
2025-05-17 06:19:21-04:00,103103,103110.33333333333,13.972917524543222
2025-05-17 06:19:31-04:00,103103,103107.66666666667,13.101006203363765
2025-05-17 06:19:41-04:00,103098,103104.16666666667,11.750886487255732
2025-05-17 06:19:51-04:00,103103,103103.16666666667,8.236559293351842
2025-05-17 06:20:01-04:00,103098,103101.33333333333,8.436931793208325
2025-05-17 06:21:11-04:00,103098,103100.5,8.236559293284104
2025-05-17 06:21:22-04:00,103093,103098.83333333333,8.140340988887145
2025-05-17 06:21:32-04:00,103093,103097.16666666667,7.37881898385637
2025-05-17 06:21:42-04:00,103093,103096.33333333333,5.690901820912617
2025-05-17 06:21:52-04:00,103093,103094.66666666667,5.316498040408032
2025-05-17 06:22:02-04:00,103093,103093.83333333333,4.501683175573333
2025-05-17 06:22:12-04:00,103091,103092.66666666667,4.5218325482857855
2025-05-17 06:23:23-04:00,103088,103091.83333333333,4.658000600507859
2025-05-17 06:23:33-04:00,103089,103091.16666666667,4.302923588924213
2025-05-17 06:23:43-04:00,103089,103090.5,4.358029846059127
2025-05-17 06:23:53-04:00,103088,103089.66666666667,3.4067668693866056
2025-05-17 06:24:04-04:00,103088,103088.83333333333,3.055050446284189
2025-05-17 06:24:14-04:00,103088,103088.33333333333,2.3548788591312553
2025-05-17 06:24:24-04:00,103081,103087.16666666667,3.477198439301676
2025-05-17 06:24:34-04:00,103081,103085.83333333333,4.056420262938052
2025-05-17 06:25:45-04:00,103080,103084.33333333333,4.461111413781571
2025-05-17 06:25:55-04:00,103080,103083.0,4.559372619361041
2025-05-17 06:26:05-04:00,103080,103081.66666666667,4.371914484247372
2025-05-17 06:26:15-04:00,103080,103080.33333333333,4.206776627133344
2025-05-17 06:26:26-04:00,103079,103080.0,4.294993549512305
2025-05-17 06:26:36-04:00,103079,103079.66666666667,4.114829045651194
2025-05-17 06:26:46-04:00,103079,103079.5,3.7284735542004066
2025-05-17 06:27:57-04:00,103064,103076.83333333333,5.9460962402496795
2025-05-17 06:28:07-04:00,103064,103074.16666666667,6.934214679757733
2025-05-17 06:28:17-04:00,103064,103071.5,7.216878357319082
2025-05-17 06:28:27-04:00,103057,103067.83333333333,8.826183492423088
2025-05-17 06:28:37-04:00,103057,103064.16666666667,9.746405703243617
2025-05-17 06:28:47-04:00,103064,103061.66666666667,9.63382613243532
2025-05-17 06:29:58-04:00,103057,103060.5,9.874976020424326
2025-05-17 06:30:08-04:00,103054,103058.83333333333,10.01362707318654
2025-05-17 06:30:18-04:00,103054,103057.16666666667,9.632646504224182
2025-05-17 06:30:28-04:00,103050,103056.0,9.24866902179141
2025-05-17 06:30:38-04:00,103054,103055.5,7.744010385833513
2025-05-17 06:30:48-04:00,103050,103053.16666666667,5.384461359133513
2025-05-17 06:31:59-04:00,103036,103049.66666666667,7.798115538104379
2025-05-17 06:32:09-04:00,103036,103046.66666666667,8.98610037137601
2025-05-17 06:32:19-04:00,103036,103043.66666666667,9.423937921297581
2025-05-17 06:32:29-04:00,103035,103041.16666666667,10.139556496416935
2025-05-17 06:32:39-04:00,103036,103038.16666666667,10.364566672430184
2025-05-17 06:32:49-04:00,103036,103035.83333333333,9.239244354712001
2025-05-17 06:33:00-04:00,103036,103035.83333333333,8.624752954048708
2025-05-17 06:34:10-04:00,103038,103036.16666666667,7.9367766835220355
2025-05-17 06:34:20-04:00,103035,103036.0,7.043156997210145
2025-05-17 06:34:30-04:00,103038,103036.5,6.278872693827816
2025-05-17 06:34:41-04:00,103038,103036.83333333333,4.078769853412342
2025-05-17 06:34:51-04:00,103038,103037.16666666667,1.1677483650860376
2025-05-17 06:35:01-04:00,103038,103037.5,1.2309148612780867
2025-05-17 06:36:11-04:00,103042,103038.16666666667,1.9462473297516825
2025-05-17 06:36:21-04:00,103042,103039.33333333333,2.3484359467442686
2025-05-17 06:36:31-04:00,103021,103036.5,5.351295498931489
2025-05-17 06:36:41-04:00,103021,103033.66666666667,6.982120013305412
2025-05-17 06:36:52-04:00,103021,103030.83333333333,8.090398342135545
2025-05-17 06:37:02-04:00,103021,103028.0,8.874119667864145
2025-05-17 06:37:12-04:00,103021,103024.5,9.306237719147818
2025-05-17 06:38:22-04:00,103018,103020.5,9.967751024426423
2025-05-17 06:38:32-04:00,103018,103020.0,10.16343713632011
2025-05-17 06:38:42-04:00,103018,103019.5,10.058540764062874
2025-05-17 06:38:52-04:00,103018,103019.0,9.643257961918637
2025-05-17 06:39:03-04:00,103018,103018.5,8.874119667734389
2025-05-17 06:39:13-04:00,103018,103018.0,6.70312002418092
2025-05-17 06:39:23-04:00,103018,103018.0,1.5447859115831877
2025-05-17 06:39:33-04:00,103018,103018.0,1.477097849844964
2025-05-17 06:40:43-04:00,103055,103024.16666666667,10.529899703019924
2025-05-17 06:40:54-04:00,103055,103030.33333333333,14.21480235311624
2025-05-17 06:41:04-04:00,103055,103036.5,16.605037567120224
2025-05-17 06:41:14-04:00,103055,103042.66666666667,18.21754066161616
2025-05-17 06:41:24-04:00,103055,103048.83333333333,19.052360066984008
2025-05-17 06:41:34-04:00,103055,103055.0,19.32261980798614
2025-05-17 06:41:44-04:00,103057,103055.33333333333,19.2075979253779
2025-05-17 06:42:55-04:00,103057,103055.66666666667,18.478488718954413
2025-05-17 06:43:05-04:00,103057,103056.0,17.056723544239407
2025-05-17 06:43:15-04:00,103057,103056.33333333333,14.743257314692617
2025-05-17 06:43:25-04:00,103057,103056.66666666667,10.988630482658198
2025-05-17 06:43:35-04:00,103057,103057.0,1.0444658808027374
2025-05-17 06:43:45-04:00,103060,103057.5,1.5050419929384435
2025-05-17 06:44:56-04:00,103053,103056.83333333333,1.7645498714846886
2025-05-17 06:45:06-04:00,103053,103056.16666666667,1.9752253129205857
2025-05-17 06:45:16-04:00,103053,103055.5,2.1514617737819344
2025-05-17 06:45:26-04:00,103053,103054.83333333333,2.3011854403069534
2025-05-17 06:45:36-04:00,103053,103054.16666666667,2.4293034056520173
2025-05-17 06:45:46-04:00,103054,103053.16666666667,2.4246211588497473
2025-05-17 06:46:57-04:00,103054,103053.33333333333,2.391588772094674
2025-05-17 06:47:07-04:00,103054,103053.5,2.3290002810886716
2025-05-17 06:47:17-04:00,103054,103053.66666666667,2.2343733187296446
2025-05-17 06:47:27-04:00,103054,103053.83333333333,2.1033882925473177
2025-05-17 06:47:37-04:00,103054,103054.0,1.9286515638231116
2025-05-17 06:47:47-04:00,103054,103054.0,0.5149285387377092
2025-05-17 06:48:58-04:00,103057,103054.5,1.0836246163478143
2025-05-17 06:49:08-04:00,103059,103055.33333333333,1.7816403422811187
2025-05-17 06:49:18-04:00,103059,103056.16666666667,2.151461773742915
2025-05-17 06:49:28-04:00,103059,103057.0,2.3532697833132583
2025-05-17 06:49:38-04:00,103059,103057.83333333333,2.429303405665551
2025-05-17 06:49:48-04:00,103059,103058.66666666667,2.498484366122552
2025-05-17 06:50:59-04:00,103055,103058.33333333333,2.429303405683049
2025-05-17 06:51:09-04:00,103055,103057.66666666667,2.354878856930551
2025-05-17 06:51:19-04:00,103055,103057.0,2.2746960917052186
2025-05-17 06:51:29-04:00,103055,103056.33333333333,2.1881221796943886
2025-05-17 06:51:40-04:00,103055,103055.66666666667,2.094364706006809
2025-05-17 06:51:50-04:00,103055,103055.0,1.9924098110365653
2025-05-17 06:52:00-04:00,103056,103055.16666666667,2.005673741697388
2025-05-17 06:53:11-04:00,103057,103055.5,1.8809249515239708
2025-05-17 06:53:21-04:00,103057,103055.83333333333,1.7298624592127514
2025-05-17 06:53:31-04:00,103057,103056.16666666667,1.5447859145262852
2025-05-17 06:53:41-04:00,103057,103056.5,1.3113721268355218
2025-05-17 06:53:51-04:00,103057,103056.83333333333,0.9962048623461336
2025-05-17 06:54:01-04:00,103057,103057.0,0.99620486235056
2025-05-17 06:55:12-04:00,103044,103054.83333333333,3.6390141697614062
2025-05-17 06:55:22-04:00,103044,103052.66666666667,4.864061142125986
2025-05-17 06:55:32-04:00,103044,103050.5,5.678241288251542
2025-05-17 06:55:42-04:00,103044,103048.33333333333,6.244391413703289
2025-05-17 06:55:52-04:00,103044,103046.16666666667,6.626393498286324
2025-05-17 06:56:02-04:00,103044,103044.0,6.789028573801353
2025-05-17 06:56:12-04:00,103049,103044.83333333333,6.4784023381259965
2025-05-17 06:57:23-04:00,103051,103046.0,6.095204265356236
2025-05-17 06:57:33-04:00,103051,103047.16666666667,5.638074021573514
2025-05-17 06:57:44-04:00,103051,103048.33333333333,5.087119790570318
2025-05-17 06:57:54-04:00,103051,103049.5,4.407294216299504
2025-05-17 06:58:04-04:00,103051,103050.66666666667,3.524803868158725
2025-05-17 06:58:14-04:00,103044,103049.83333333333,3.524803868158725
2025-05-17 06:58:24-04:00,103044,103048.66666666667,3.524803868158725
2025-05-17 06:58:34-04:00,103044,103047.5,3.524803868158725
2025-05-17 06:59:45-04:00,103049,103047.16666666667,3.3878123637604816
2025-05-17 06:59:55-04:00,103049,103046.83333333333,3.186144227167794
2025-05-17 07:00:05-04:00,103049,103046.5,2.9063670762296363
2025-05-17 07:00:15-04:00,103059,103049.0,4.187825052786481
2025-05-17 07:00:25-04:00,103059,103051.5,5.0173939758740485
2025-05-17 07:00:35-04:00,103059,103054.0,5.642774935776164
2025-05-17 07:00:45-04:00,103059,103055.66666666667,6.126816357034563
2025-05-17 07:01:56-04:00,103055,103056.66666666667,6.210328630849564
2025-05-17 07:02:06-04:00,103055,103057.66666666667,6.2734408812909095
2025-05-17 07:02:16-04:00,103055,103057.0,5.768251655205696
2025-05-17 07:02:26-04:00,103058,103056.83333333333,5.166911029048839
2025-05-17 07:02:36-04:00,103058,103056.66666666667,4.1414387640949055
2025-05-17 07:02:46-04:00,103058,103056.5,3.6793856380057752
2025-05-17 07:05:09-04:00,103056,103056.66666666667,2.9336087829476987
2025-05-17 07:05:26-04:00,103052,103056.16666666667,2.274696091699325
2025-05-17 07:05:50-04:00,103052,103055.66666666667,2.570225766613927
2025-05-17 07:06:08-04:00,103052,103054.66666666667,2.701009890894691
2025-05-17 07:07:18-04:00,103059,103054.83333333333,2.701009890894691
2025-05-17 07:11:30-04:00,103062,103055.5,3.133397788896484
2025-05-17 07:13:30-04:00,103083,103060.0,8.37022137975267
2025-05-17 07:16:00-04:00,103087,103065.83333333333,11.66190378478809
2025-05-17 07:18:32-04:00,103099,103073.66666666667,15.790292372821657
2025-05-17 07:24:20-04:00,103116,103084.33333333333,21.432770148762348
2025-05-17 07:26:11-04:00,103128,103095.83333333333,26.857649435860363
2025-05-17 07:26:31-04:00,103128,103106.83333333333,30.150631932797392
2025-05-17 07:26:56-04:00,103130,103114.66666666667,32.04353099573296
2025-05-17 07:27:06-04:00,103130,103121.83333333333,32.13560283523413
2025-05-17 07:29:37-04:00,103133,103127.5,31.03797771268791
2025-05-17 07:30:10-04:00,103139,103131.33333333333,28.73336145482408
2025-05-17 07:31:10-04:00,103141,103133.5,25.649147895526657
2025-05-17 07:32:08-04:00,103145,103136.33333333333,20.90871211510814
2025-05-17 07:32:39-04:00,103145,103138.83333333333,17.960183231438094
2025-05-17 07:40:20-04:00,103164,103144.5,16.12921309428206
2025-05-17 07:40:30-04:00,103164,103149.66666666667,14.437692668381086
2025-05-17 07:42:42-04:00,103176,103155.83333333333,16.18898802344891
2025-05-17 07:45:28-04:00,103187,103163.5,19.62141686755757
2025-05-17 07:45:38-04:00,103187,103170.5,21.334812919619598
2025-05-17 07:45:59-04:00,103187,103177.5,21.98277562396867
2025-05-17 07:46:09-04:00,103186,103181.16666666667,21.395978095884402
2025-05-17 07:47:42-04:00,103187,103185.0,20.19600920406879
2025-05-17 07:47:52-04:00,103187,103186.83333333333,18.777807659532016
2025-05-17 07:48:23-04:00,103192,103187.66666666667,16.973017799613118
2025-05-17 07:48:42-04:00,103192,103188.5,14.519579253928152
2025-05-17 07:49:25-04:00,103191,103189.16666666667,9.930058433825566
2025-05-17 07:49:36-04:00,103191,103190.0,8.027886994110375
2025-05-17 07:49:57-04:00,103191,103190.66666666667,4.386618758881514
2025-05-17 07:52:52-04:00,103206,103193.83333333333,5.449492599353866
2025-05-17 08:04:15-04:00,103192,103193.83333333333,5.361902637447211
2025-05-17 08:04:25-04:00,103199,103195.0,5.706853924160262
2025-05-17 08:04:36-04:00,103199,103196.33333333333,5.848465213039839
2025-05-17 08:04:46-04:00,103199,103197.66666666667,5.686240693727071
2025-05-17 08:04:56-04:00,103199,103199.0,5.424411702477447
2025-05-17 08:05:06-04:00,103199,103197.83333333333,4.932882851552889
2025-05-17 08:05:17-04:00,103199,103199.0,4.8515851720582255
2025-05-17 08:05:44-04:00,103202,103199.5,4.882715329081136
2025-05-17 08:05:54-04:00,103202,103200.0,4.628632877887802
2025-05-17 08:06:04-04:00,103202,103200.5,4.144181742919873
2025-05-17 08:06:15-04:00,103202,103201.0,3.3303016357545565
2025-05-17 08:06:25-04:00,103202,103201.5,2.8391206305429244
2025-05-17 08:06:35-04:00,103204,103202.33333333333,1.8257418293920098
2025-05-17 08:06:45-04:00,103204,103202.66666666667,1.9752253152018735
2025-05-17 08:08:27-04:00,103205,103203.16666666667,2.151461775895324
2025-05-17 08:08:37-04:00,103205,103203.66666666667,2.193309361446254
2025-05-17 08:08:48-04:00,103203,103203.83333333333,1.9752253152361676
2025-05-17 08:08:58-04:00,103203,103204.0,1.6583123633564587
2025-05-17 08:09:08-04:00,103203,103203.83333333333,1.1645001075744785
2025-05-17 08:09:18-04:00,103203,103203.66666666667,1.1146408107136023
2025-05-17 08:09:28-04:00,103203,103203.33333333333,1.0552896560303275
2025-05-17 08:09:38-04:00,103201,103202.66666666667,1.1934162386731813
2025-05-17 08:09:49-04:00,103201,103202.33333333333,1.311372130321122
2025-05-17 08:10:59-04:00,103202,103202.16666666667,1.311372130321122
2025-05-17 08:11:09-04:00,103202,103202.0,1.311372130321122
2025-05-17 08:11:19-04:00,103202,103201.83333333333,1.2880569877066947
2025-05-17 08:11:30-04:00,103202,103201.66666666667,1.087114564484928
2025-05-17 08:11:40-04:00,103206,103202.5,1.311372130322876
2025-05-17 08:11:50-04:00,103202,103202.66666666667,1.3142574412071237
2025-05-17 08:12:00-04:00,103206,103203.33333333333,1.6583123633624295
2025-05-17 08:13:11-04:00,103209,103204.5,2.4541245215298724
2025-05-17 08:13:21-04:00,103209,103205.66666666667,2.9580398737022726
2025-05-17 08:13:31-04:00,103209,103206.83333333333,3.3063300011032903
2025-05-17 08:13:41-04:00,103206,103206.83333333333,3.1718458277408463
2025-05-17 08:13:51-04:00,103209,103208.0,3.1718458277320876
2025-05-17 08:14:01-04:00,103206,103208.0,2.9949452188582772
2025-05-17 08:15:12-04:00,103203,103207.0,2.8959218792332964
2025-05-17 08:15:22-04:00,103203,103206.0,2.7906771010142917
2025-05-17 08:15:32-04:00,103203,103205.0,2.6784776120927036
2025-05-17 08:15:42-04:00,103203,103204.5,2.806917842235859
2025-05-17 08:15:52-04:00,103203,103203.5,2.7010098925623227
2025-05-17 08:16:03-04:00,103203,103203.0,2.81231058089173
2025-05-17 08:16:13-04:00,103203,103203.0,2.6628760739644783
2025-05-17 08:17:23-04:00,103214,103204.83333333333,3.579190684347549
2025-05-17 08:17:34-04:00,103214,103206.66666666667,4.260459487631901
2025-05-17 08:17:44-04:00,103223,103210.0,6.538348407202365
2025-05-17 08:17:54-04:00,103223,103213.33333333333,7.971065090791973
2025-05-17 08:18:04-04:00,103223,103216.66666666667,8.952737851910063
2025-05-17 08:18:14-04:00,103223,103220.0,9.414688711242105
2025-05-17 08:18:24-04:00,103223,103221.5,9.542568100546122
2025-05-17 08:18:35-04:00,103223,103223.0,9.350093171562614
2025-05-17 08:18:45-04:00,103223,103223.0,8.816307198575112
2025-05-17 08:19:55-04:00,103232,103224.5,8.7537870530858
2025-05-17 08:20:05-04:00,103232,103226.0,7.923880279222568
2025-05-17 08:20:16-04:00,103232,103227.5,6.0170213017477865
2025-05-17 08:20:26-04:00,103233,103229.16666666667,5.71017166965321
2025-05-17 08:20:36-04:00,103232,103230.66666666667,4.745013319869724
2025-05-17 08:20:46-04:00,103233,103232.33333333333,4.886592654317309
2025-05-17 08:21:57-04:00,103227,103231.5,4.670993653235313
2025-05-17 08:22:07-04:00,103227,103230.66666666667,4.417595658893002
2025-05-17 08:22:17-04:00,103227,103229.83333333333,4.119429191034243
2025-05-17 08:22:27-04:00,103220,103227.66666666667,4.561864306499444
2025-05-17 08:22:37-04:00,103227,103226.83333333333,4.266678490907826
2025-05-17 08:22:47-04:00,103227,103225.83333333333,3.9186809638213713
2025-05-17 08:23:58-04:00,103215,103223.83333333333,5.515817465681525
2025-05-17 08:24:08-04:00,103215,103221.83333333333,6.411991598125059
2025-05-17 08:24:18-04:00,103215,103219.83333333333,6.88652614279063
2025-05-17 08:24:28-04:00,103219,103219.66666666667,6.555127524391611
2025-05-17 08:24:38-04:00,103215,103217.66666666667,6.426153938171227
2025-05-17 08:24:48-04:00,103215,103215.66666666667,5.754444912894826
2025-05-17 08:25:59-04:00,103224,103217.16666666667,5.5185637032199955
2025-05-17 08:26:09-04:00,103224,103218.66666666667,5.2591910785872065
2025-05-17 08:26:19-04:00,103224,103220.16666666667,4.972652473209817
2025-05-17 08:26:29-04:00,103224,103221.0,5.104958956993074
2025-05-17 08:26:40-04:00,103227,103223.0,5.104958956993074
2025-05-17 08:26:50-04:00,103224,103224.5,4.813963264948513
2025-05-17 08:27:00-04:00,103227,103225.0,4.907477277090098
2025-05-17 08:28:11-04:00,103230,103226.0,5.122736000808745
2025-05-17 08:28:21-04:00,103230,103227.0,4.999242355969788
2025-05-17 08:28:31-04:00,103230,103228.0,5.090097327183825
2025-05-17 08:28:41-04:00,103226,103227.83333333333,4.122186814466313
2025-05-17 08:28:51-04:00,103230,103228.83333333333,2.7080127813621884
2025-05-17 08:29:01-04:00,103226,103228.66666666667,2.587850379682807
2025-05-17 08:30:12-04:00,103229,103228.5,2.4908924796369116
2025-05-17 08:30:22-04:00,103229,103228.33333333333,2.30940105304462
2025-05-17 08:30:32-04:00,103229,103228.16666666667,2.0207259150379957
2025-05-17 08:30:42-04:00,103229,103228.66666666667,2.0056737429250937
2025-05-17 08:30:52-04:00,103229,103228.5,1.4974725816032057
2025-05-17 08:31:02-04:00,103230,103229.16666666667,1.4433756349286126
2025-05-17 08:31:13-04:00,103230,103229.33333333333,1.4433756349286126
2025-05-17 08:32:23-04:00,103239,103231.0,3.256694719506603
2025-05-17 08:32:33-04:00,103239,103232.66666666667,4.231018203853434
2025-05-17 08:32:43-04:00,103239,103234.33333333333,4.641708137640242
2025-05-17 08:32:54-04:00,103239,103236.0,5.083395418450887
2025-05-17 08:33:04-04:00,103247,103238.83333333333,6.223124023856681
2025-05-17 08:33:14-04:00,103247,103241.66666666667,7.025926006750034
2025-05-17 08:33:24-04:00,103247,103243.0,7.422325038643603
2025-05-17 08:33:34-04:00,103247,103244.33333333333,7.47723817977789
2025-05-17 08:34:45-04:00,103246,103245.5,7.11539090749802
2025-05-17 08:34:55-04:00,103246,103246.66666666667,6.400757522129156
2025-05-17 08:35:05-04:00,103246,103246.5,5.416025592668031
2025-05-17 08:35:15-04:00,103246,103246.33333333333,3.7172814939120706
2025-05-17 08:35:25-04:00,103246,103246.16666666667,3.3967453061047728
2025-05-17 08:35:35-04:00,103246,103246.0,2.9180732344609663
2025-05-17 08:35:46-04:00,103246,103246.0,2.17944944570551
2025-05-17 08:36:56-04:00,103240,103245.0,1.898963004490263
2025-05-17 08:37:06-04:00,103238,103243.66666666667,2.906367076526179
2025-05-17 08:37:16-04:00,103238,103242.33333333333,3.472838312870211
2025-05-17 08:37:27-04:00,103238,103241.0,3.8009169398821947
2025-05-17 08:37:37-04:00,103238,103239.66666666667,3.9504506696273123
2025-05-17 08:37:47-04:00,103238,103238.33333333333,4.041451870378915
2025-05-17 08:38:57-04:00,103237,103237.83333333333,4.100073895435619
2025-05-17 08:39:08-04:00,103248,103239.5,4.337119545042622
2025-05-17 08:39:18-04:00,103248,103241.16666666667,4.555216777206227
2025-05-17 08:39:28-04:00,103248,103242.83333333333,4.756972542077966
2025-05-17 08:39:38-04:00,103248,103244.5,4.94438768546911
2025-05-17 08:39:48-04:00,103248,103246.16666666667,5.1190375405681205
2025-05-17 08:40:59-04:00,103263,103250.5,7.80248599905369
2025-05-17 08:41:09-04:00,103261,103252.66666666667,8.89799091426265
2025-05-17 08:41:19-04:00,103261,103254.83333333333,9.458041305683047
2025-05-17 08:41:29-04:00,103261,103257.0,9.577040088385703
2025-05-17 08:41:39-04:00,103261,103259.16666666667,9.271984515406313
2025-05-17 08:41:49-04:00,103261,103261.33333333333,8.49732577569036
2025-05-17 08:43:00-04:00,103259,103260.66666666667,6.748175951398287
2025-05-17 08:43:10-04:00,103259,103260.33333333333,6.360388772507714
2025-05-17 08:43:20-04:00,103263,103260.66666666667,6.001893630786186
2025-05-17 08:43:31-04:00,103263,103261.0,5.308655014596187
2025-05-17 08:43:41-04:00,103263,103261.33333333333,4.114829044278359
2025-05-17 08:44:51-04:00,103270,103262.83333333333,2.8749176329857615
2025-05-17 08:45:01-04:00,103270,103264.66666666667,3.676295879863226
2025-05-17 08:45:12-04:00,103270,103266.5,4.1878250523192975
2025-05-17 08:45:22-04:00,103269,103267.5,4.399552305273166
2025-05-17 08:45:32-04:00,103269,103268.5,4.494946644303038
2025-05-17 08:45:42-04:00,103269,103269.5,4.481443206571213
2025-05-17 08:46:53-04:00,103274,103270.16666666667,4.871064833003895
2025-05-17 08:47:03-04:00,103274,103270.83333333333,4.692837857030293
2025-05-17 08:47:13-04:00,103274,103271.5,4.112066486371558
2025-05-17 08:47:23-04:00,103277,103272.83333333333,4.239067922146259
2025-05-17 08:47:33-04:00,103277,103274.16666666667,4.0075685819567495
2025-05-17 08:47:43-04:00,103277,103275.5,3.343922555908838
2025-05-17 08:48:54-04:00,103279,103276.33333333333,3.72033721170187
2025-05-17 08:49:04-04:00,103279,103277.16666666667,3.9080336680166563
2025-05-17 08:49:14-04:00,103279,103278.0,3.9341164960713906
2025-05-17 08:49:24-04:00,103281,103278.66666666667,3.8641710700866088
2025-05-17 08:49:34-04:00,103281,103279.33333333333,3.493500441005655
2025-05-17 08:49:44-04:00,103281,103280.0,2.701009889263329
2025-05-17 08:50:55-04:00,103280,103280.16666666667,2.4908924767698184
2025-05-17 08:51:05-04:00,103280,103280.33333333333,2.1373305065673507
2025-05-17 08:51:15-04:00,103280,103280.5,1.5447859114852167
2025-05-17 08:51:25-04:00,103290,103282.0,3.3393884211237577
2025-05-17 08:51:36-04:00,103280,103281.83333333333,3.175426460946288
2025-05-17 08:51:46-04:00,103290,103283.33333333333,3.9619401272822667
2025-05-17 08:52:56-04:00,103295,103285.83333333333,5.410427630742708
2025-05-17 08:53:06-04:00,103295,103288.33333333333,6.242571332716926
2025-05-17 08:53:17-04:00,103295,103290.83333333333,6.692374665381078
2025-05-17 08:53:27-04:00,103298,103292.16666666667,7.378818982093297
2025-05-17 08:53:37-04:00,103298,103295.16666666667,7.728342163775059
2025-05-17 08:53:47-04:00,103298,103296.5,7.786448982142685
2025-05-17 08:54:58-04:00,103314,103299.66666666667,9.78054654817885
2025-05-17 08:55:08-04:00,103314,103302.83333333333,10.638338323983223
2025-05-17 08:55:18-04:00,103314,103306.0,10.638338323951867
2025-05-17 08:55:28-04:00,103314,103308.66666666667,11.155580198587344
2025-05-17 08:55:38-04:00,103316,103311.66666666667,9.940352404722468
2025-05-17 08:55:48-04:00,103316,103314.66666666667,9.577040087555474
2025-05-17 08:56:59-04:00,103327,103316.83333333333,10.746035203534364
2025-05-17 08:57:09-04:00,103327,103319.0,11.122935621382203
2025-05-17 08:57:19-04:00,103327,103321.16666666667,10.791059705334247
2025-05-17 08:57:29-04:00,103327,103323.33333333333,10.215852202839653
2025-05-17 08:57:39-04:00,103329,103325.5,9.110017788598153
2025-05-17 08:57:50-04:00,103329,103327.66666666667,6.860073317852065
2025-05-17 08:58:00-04:00,103329,103328.0,6.8018491148101
2025-05-17 08:59:10-04:00,103343,103330.66666666667,8.483495555183172
2025-05-17 08:59:20-04:00,103337,103332.33333333333,8.411301912596779
2025-05-17 08:59:31-04:00,103343,103335.0,8.579397442162549
2025-05-17 08:59:41-04:00,103343,103337.33333333333,8.349832144056077
2025-05-17 08:59:51-04:00,103343,103339.66666666667,7.401883452999467
2025-05-17 09:00:01-04:00,103343,103342.0,7.531750964483969
2025-05-17 09:01:12-04:00,103347,103342.66666666667,7.808309473452662
2025-05-17 09:01:22-04:00,103347,103344.33333333333,7.6910022113367305
2025-05-17 09:01:32-04:00,103347,103345.0,7.160497687714676
2025-05-17 09:01:42-04:00,103348,103345.83333333333,6.584531909628119
2025-05-17 09:01:52-04:00,103348,103346.66666666667,5.474458588056708
2025-05-17 09:02:02-04:00,103348,103347.5,3.333712079059434
2025-05-17 09:02:12-04:00,103347,103347.5,3.3427895965236054
2025-05-17 09:03:23-04:00,103343,103346.83333333333,2.31431641492123
2025-05-17 09:03:33-04:00,103343,103346.16666666667,2.31431641492123
2025-05-17 09:03:43-04:00,103343,103345.33333333333,2.31431641492123
2025-05-17 09:03:53-04:00,103343,103344.5,2.31431641492123
2025-05-17 09:04:03-04:00,103343,103343.66666666667,2.31431641492123
2025-05-17 09:04:13-04:00,103343,103343.0,2.3788843543666642
2025-05-17 09:04:24-04:00,103343,103343.0,2.391588767346127
2025-05-17 09:04:34-04:00,103339,103342.33333333333,2.8324419032334514
2025-05-17 09:05:44-04:00,103339,103341.66666666667,2.9387690448375787
2025-05-17 09:05:54-04:00,103339,103341.0,2.8324419032576214
2025-05-17 09:06:05-04:00,103339,103340.33333333333,2.486326214416559
2025-05-17 09:06:15-04:00,103339,103339.66666666667,2.0597145688569696
2025-05-17 09:06:25-04:00,103335,103338.33333333333,2.674231668034553
2025-05-17 09:06:35-04:00,103339,103338.33333333333,2.6053557627932014
2025-05-17 09:06:45-04:00,103335,103337.66666666667,2.870962226387231
2025-05-17 09:07:56-04:00,103337,103337.33333333333,2.7579087129621005
2025-05-17 09:08:06-04:00,103337,103337.0,2.534608902230678
2025-05-17 09:08:16-04:00,103337,103336.66666666667,2.1672493073125048
2025-05-17 09:08:26-04:00,103337,103337.0,1.5569978443693657
2025-05-17 09:08:36-04:00,103337,103336.66666666667,1.5075566775000275
2025-05-17 09:08:46-04:00,103329,103335.66666666667,2.806917836711552
2025-05-17 09:09:57-04:00,103327,103334.0,3.845501092352022
2025-05-17 09:10:07-04:00,103327,103332.33333333333,4.41759565586201
2025-05-17 09:10:17-04:00,103327,103330.66666666667,4.6968719297294435
2025-05-17 09:10:27-04:00,103325,103328.66666666667,5.288638466892412
2025-05-17 09:10:37-04:00,103325,103326.66666666667,5.348463374656757
2025-05-17 09:10:47-04:00,103325,103326.0,5.5568685194914265
2025-05-17 09:11:58-04:00,103326,103325.83333333333,5.350587607271595
2025-05-17 09:12:08-04:00,103326,103325.66666666667,4.954336929391568
2025-05-17 09:12:18-04:00,103326,103325.5,4.316107939271216
2025-05-17 09:12:28-04:00,103326,103325.66666666667,3.298300735774547
2025-05-17 09:12:39-04:00,103326,103325.83333333333,1.1381803066548544
2025-05-17 09:12:49-04:00,103326,103326.0,0.7385488545155399
2025-05-17 09:13:59-04:00,103322,103325.33333333333,1.3113721191306134
2025-05-17 09:14:09-04:00,103322,103324.66666666667,1.585922879705103
2025-05-17 09:14:20-04:00,103322,103324.0,1.7122552517430938
2025-05-17 09:14:30-04:00,103322,103323.33333333333,1.8829377076274887
2025-05-17 09:14:40-04:00,103322,103322.66666666667,2.0056737367097215
2025-05-17 09:14:50-04:00,103322,103322.0,2.0889318392621603
2025-05-17 09:15:00-04:00,103322,103322.0,2.059714569530403
2025-05-17 09:16:11-04:00,103321,103321.83333333333,2.0504987978879003
2025-05-17 09:16:21-04:00,103321,103321.66666666667,1.9462473258959028
2025-05-17 09:16:31-04:00,103321,103321.5,1.7298624535461817
2025-05-17 09:16:41-04:00,103321,103321.33333333333,1.3483996751826928
2025-05-17 09:16:51-04:00,103318,103320.66666666667,1.154700480352953
2025-05-17 09:17:01-04:00,103318,103320.0,1.4770978464155682
2025-05-17 09:18:12-04:00,103316,103319.16666666667,2.022599554308481
2025-05-17 09:18:22-04:00,103316,103318.33333333333,2.335496803859302
2025-05-17 09:18:32-04:00,103316,103317.5,2.504541303139151
2025-05-17 09:18:42-04:00,103316,103316.66666666667,2.5584085701794566
2025-05-17 09:18:52-04:00,103316,103316.33333333333,2.5045413031831236
2025-05-17 09:19:03-04:00,103316,103316.0,2.335496803953613
2025-05-17 09:19:13-04:00,103316,103316.0,2.193309355159205
2025-05-17 09:20:23-04:00,103314,103315.66666666667,2.132007132353126
2025-05-17 09:20:33-04:00,103314,103315.33333333333,1.880924946656053
2025-05-17 09:20:44-04:00,103314,103315.0,1.3371157971813907
2025-05-17 09:20:54-04:00,103314,103314.66666666667,1.243163067629931
2025-05-17 09:21:04-04:00,103314,103314.33333333333,1.0298572366812684
2025-05-17 09:21:14-04:00,103314,103314.0,1.0444658722466793
2025-05-17 09:21:24-04:00,103314,103314.0,1.0298572367212548
2025-05-17 09:21:34-04:00,103314,103314.0,0.9847318605379418
2025-05-17 09:22:45-04:00,103315,103314.16666666667,0.9003365637842995
2025-05-17 09:22:55-04:00,103314,103314.16666666667,0.7929613775638786
2025-05-17 09:23:05-04:00,103315,103314.33333333333,0.6513388455957793
2025-05-17 09:23:15-04:00,103315,103314.5,0.45226687044538283
2025-05-17 09:23:25-04:00,103315,103314.66666666667,0.4923658294024464
2025-05-17 09:23:35-04:00,103315,103314.83333333333,0.5149285219054005
2025-05-17 09:23:45-04:00,103315,103314.83333333333,0.5222328410090525
2025-05-17 09:24:56-04:00,103318,103315.5,1.1146407985741513
2025-05-17 09:25:06-04:00,103315,103315.5,1.0836246082676824
2025-05-17 09:25:16-04:00,103315,103315.5,1.0444658722466793
2025-05-17 09:25:27-04:00,103315,103315.5,0.9962048533216101
2025-05-17 09:25:37-04:00,103315,103315.5,0.9374367958013312
2025-05-17 09:25:47-04:00,103315,103315.5,0.9374367958013312
2025-05-17 09:26:57-04:00,103320,103315.83333333333,1.6143297287913014
2025-05-17 09:27:07-04:00,103322,103317.0,2.416797252138649
2025-05-17 09:27:18-04:00,103322,103318.16666666667,2.886751322889753
2025-05-17 09:27:28-04:00,103322,103319.33333333333,3.1754264595564625
2025-05-17 09:27:38-04:00,103322,103320.5,3.330301631605325
2025-05-17 09:27:48-04:00,103322,103321.66666666667,3.369875438718711
2025-05-17 09:28:59-04:00,103320,103321.66666666667,3.3878123610452215
2025-05-17 09:29:09-04:00,103314,103320.33333333333,3.498917562450747
2025-05-17 09:29:19-04:00,103314,103319.0,3.6045005352823045
2025-05-17 09:29:29-04:00,103314,103317.66666666667,3.705033413307421
2025-05-17 09:29:39-04:00,103314,103316.33333333333,3.8009169371938563
2025-05-17 09:29:49-04:00,103314,103315.0,3.8924947036598128
2025-05-17 09:31:00-04:00,103310,103313.33333333333,4.5226701539364065
2025-05-17 09:31:10-04:00,103302,103311.33333333333,6.117535638764454
2025-05-17 09:31:20-04:00,103302,103309.33333333333,6.952217862035144
2025-05-17 09:31:30-04:00,103302,103307.33333333333,7.29258651304311
2025-05-17 09:31:40-04:00,103302,103305.33333333333,7.209001098532552
2025-05-17 09:32:51-04:00,103296,103302.33333333333,7.450849037849698
2025-05-17 09:33:01-04:00,103296,103300.0,7.352591783237831
2025-05-17 09:33:11-04:00,103296,103299.0,7.553847094787042
2025-05-17 09:33:21-04:00,103296,103298.0,7.426406602310014
2025-05-17 09:33:32-04:00,103296,103297.0,6.952217862319049
2025-05-17 09:33:42-04:00,103296,103296.0,6.050294247254876
2025-05-17 09:34:53-04:00,103290,103295.0,5.140451565494304
2025-05-17 09:35:03-04:00,103290,103294.0,4.306443360703632
2025-05-17 09:35:13-04:00,103290,103293.0,4.431293661017923
2025-05-17 09:35:23-04:00,103281,103290.5,5.785954770099948
2025-05-17 09:35:33-04:00,103281,103288.0,6.374665756829412
2025-05-17 09:35:43-04:00,103281,103285.5,6.411991596932353
2025-05-17 09:36:54-04:00,103282,103284.16666666667,6.639528086331788
2025-05-17 09:37:04-04:00,103282,103282.83333333333,6.639528086359799
2025-05-17 09:37:14-04:00,103282,103281.5,6.411991597019366
2025-05-17 09:37:24-04:00,103282,103281.66666666667,5.930787662800066
2025-05-17 09:37:34-04:00,103283,103282.0,5.081159483374975
2025-05-17 09:37:44-04:00,103283,103282.33333333333,3.7284735521618777
2025-05-17 09:38:55-04:00,103283,103282.5,3.2003787463791067
2025-05-17 09:39:05-04:00,103283,103282.66666666667,2.416797254416721
2025-05-17 09:39:15-04:00,103283,103282.83333333333,0.8348470370097303
2025-05-17 09:39:25-04:00,103284,103283.16666666667,0.9003365697100598
2025-05-17 09:39:35-04:00,103284,103283.33333333333,0.8876252959152564
2025-05-17 09:39:46-04:00,103284,103283.5,0.7929613841634373
2025-05-17 09:40:56-04:00,103291,103284.83333333333,2.4246211573215537
2025-05-17 09:41:06-04:00,103291,103286.16666666667,3.1466672892138683
2025-05-17 09:41:16-04:00,103291,103287.5,3.563280731884178
2025-05-17 09:41:26-04:00,103291,103288.66666666667,3.776923535386541
2025-05-17 09:41:37-04:00,103291,103289.83333333333,3.918680962115203
2025-05-17 09:41:47-04:00,103291,103291.0,3.9341164959653785
2025-05-17 09:42:57-04:00,103285,103290.0,3.7769235353191872
2025-05-17 09:43:07-04:00,103282,103288.5,3.8924947049475236
2025-05-17 09:43:18-04:00,103282,103287.0,4.002839885541528
2025-05-17 09:43:28-04:00,103282,103285.5,4.187825051800709
2025-05-17 09:43:38-04:00,103282,103284.0,4.358029843758458
2025-05-17 09:43:48-04:00,103282,103282.5,4.5151260794225205
2025-05-17 09:44:59-04:00,103279,103281.5,4.807664322794277
2025-05-17 09:45:09-04:00,103279,103281.0,4.864061141313471
2025-05-17 09:45:19-04:00,103279,103280.5,4.69283785681928
2025-05-17 09:45:29-04:00,103277,103279.66666666667,4.461111411920181
2025-05-17 09:45:39-04:00,103277,103278.83333333333,3.8484550067589938
2025-05-17 09:45:49-04:00,103277,103278.0,2.5980761880322936
2025-05-17 09:47:00-04:00,103273,103277.0,2.8959218766219466
2025-05-17 09:47:10-04:00,103271,103275.66666666667,3.6013465327734893
2025-05-17 09:47:20-04:00,103273,103274.66666666667,3.7040109137737134
2025-05-17 09:47:30-04:00,103271,103273.66666666667,3.8690692484925835
2025-05-17 09:47:40-04:00,103271,103272.66666666667,3.7929360021724943
2025-05-17 09:48:51-04:00,103268,103271.16666666667,3.848455007038948
2025-05-17 09:49:01-04:00,103268,103270.33333333333,4.0075685822587275
2025-05-17 09:49:11-04:00,103268,103269.83333333333,3.934116496555937
2025-05-17 09:49:21-04:00,103268,103269.0,3.613946034753104
2025-05-17 09:49:31-04:00,103268,103268.5,3.3698754409944023
2025-05-17 09:49:41-04:00,103267,103267.83333333333,2.988614739952958
2025-05-17 09:50:52-04:00,103266,103267.5,2.348435947077205
2025-05-17 09:51:02-04:00,103266,103267.16666666667,2.2207697008944414
2025-05-17 09:51:12-04:00,103266,103266.83333333333,2.2292816897931944
2025-05-17 09:51:22-04:00,103268,103266.83333333333,1.6764861894782257
2025-05-17 09:51:32-04:00,103268,103266.83333333333,1.3706887910035108
2025-05-17 09:51:43-04:00,103268,103267.0,0.9003365724506187
2025-05-17 09:52:53-04:00,103268,103267.33333333333,0.9003365724506187
2025-05-17 09:53:03-04:00,103268,103267.66666666667,0.9003365724506187
2025-05-17 09:53:13-04:00,103268,103268.0,0.9003365724506187
2025-05-17 09:53:24-04:00,103268,103268.0,0.9003365724506187
2025-05-17 09:53:34-04:00,103268,103268.0,0.9003365724506187
2025-05-17 09:53:44-04:00,103265,103267.5,1.1381803146243568
2025-05-17 09:54:55-04:00,103267,103267.33333333333,1.0730866855152348
2025-05-17 09:55:05-04:00,103267,103267.16666666667,0.996204861216312
2025-05-17 09:55:15-04:00,103267,103267.0,0.9045339690905431
2025-05-17 09:55:25-04:00,103267,103266.83333333333,0.9003365724506187
2025-05-17 09:55:35-04:00,103267,103266.66666666667,0.8876252987581205
2025-05-17 09:55:45-04:00,103262,103266.16666666667,1.749458757418019
2025-05-17 09:56:56-04:00,103266,103266.0,1.7232808398686097
2025-05-17 09:57:06-04:00,103266,103265.83333333333,1.678744084606757
2025-05-17 09:57:16-04:00,103266,103265.66666666667,1.6143297338333182
2025-05-17 09:57:26-04:00,103266,103265.5,1.5275251935293186
2025-05-17 09:57:36-04:00,103266,103265.33333333333,1.4142135212150488
2025-05-17 09:57:46-04:00,103266,103266.0,1.3789543266823272
2025-05-17 09:58:57-04:00,103269,103266.5,1.6025547421801005
2025-05-17 09:59:07-04:00,103269,103267.0,1.781640341843494
2025-05-17 09:59:17-04:00,103269,103267.5,1.928651563418528
2025-05-17 09:59:27-04:00,103269,103268.0,2.0504988022092374
2025-05-17 09:59:37-04:00,103269,103268.5,2.1514617733156585
2025-05-17 09:59:48-04:00,103270,103269.16666666667,1.6764861895022811
2025-05-17 10:00:58-04:00,103269,103269.16666666667,1.6422452861422063
2025-05-17 10:01:08-04:00,103269,103269.16666666667,1.5642792524850206
2025-05-17 10:01:18-04:00,103269,103269.16666666667,1.435481084268236
2025-05-17 10:01:29-04:00,103269,103269.16666666667,1.240112362031403
2025-05-17 10:01:39-04:00,103269,103269.16666666667,0.9374368038819029
2025-05-17 10:01:49-04:00,103269,103269.0,0.288674930875385
2025-05-17 10:02:59-04:00,103268,103268.83333333333,0.42640129483292183
2025-05-17 10:03:10-04:00,103268,103268.66666666667,0.5149285364039767
2025-05-17 10:03:20-04:00,103268,103268.5,0.5773501674209237
2025-05-17 10:03:30-04:00,103274,103269.33333333333,1.6025547418091155
2025-05-17 10:03:40-04:00,103268,103269.16666666667,1.6422452859783636
2025-05-17 10:03:50-04:00,103268,103269.0,1.6514456120897167
2025-05-17 10:04:00-04:00,103274,103270.0,2.193309358674839
2025-05-17 10:05:11-04:00,103283,103272.5,4.481443206721678
2025-05-17 10:05:21-04:00,103283,103275.0,5.6909018193617165
2025-05-17 10:05:31-04:00,103283,103276.5,6.459078637891361
2025-05-17 10:05:41-04:00,103283,103279.0,6.934214678938251
2025-05-17 10:05:51-04:00,103291,103282.83333333333,8.25126252235436
2025-05-17 10:06:01-04:00,103291,103285.66666666667,8.891603114134776
2025-05-17 10:07:12-04:00,103291,103287.0,9.056639948163038
2025-05-17 10:07:22-04:00,103291,103288.33333333333,8.773237535079266
2025-05-17 10:07:32-04:00,103291,103289.66666666667,8.795229416153184
2025-05-17 10:07:43-04:00,103291,103291.0,7.639609691576143
2025-05-17 10:07:53-04:00,103291,103291.0,5.599648246212985
2025-05-17 10:08:03-04:00,103291,103291.0,3.938927695434447
2025-05-17 10:08:13-04:00,103291,103291.0,3.618136117584726
2025-05-17 10:09:24-04:00,103286,103290.16666666667,3.250873989029497
2025-05-17 10:09:34-04:00,103286,103289.33333333333,2.812310577330329
2025-05-17 10:09:44-04:00,103286,103288.5,2.2613350565128387
2025-05-17 10:09:55-04:00,103286,103287.66666666667,2.4618297940651135
2025-05-17 10:10:05-04:00,103288,103287.16666666667,2.429303403437837
2025-05-17 10:10:15-04:00,103288,103286.66666666667,2.367712077217298
2025-05-17 10:10:25-04:00,103288,103287.0,2.2746960893457095
2025-05-17 10:10:35-04:00,103288,103287.33333333333,2.1461734507730394
2025-05-17 10:10:45-04:00,103288,103287.66666666667,1.9752253102771502
2025-05-17 10:11:56-04:00,103289,103288.16666666667,1.7816403394495322
2025-05-17 10:12:06-04:00,103292,103288.83333333333,1.9540168098209267
2025-05-17 10:12:16-04:00,103292,103289.5,2.1087839082785775
2025-05-17 10:12:26-04:00,103292,103290.16666666667,2.2746960893465094
2025-05-17 10:12:36-04:00,103292,103290.83333333333,2.3143164175424946
2025-05-17 10:12:46-04:00,103292,103291.5,2.234373316317115
2025-05-17 10:13:57-04:00,103296,103292.66666666667,2.609713764863747
2025-05-17 10:14:07-04:00,103296,103293.33333333333,2.9374798301332175
2025-05-17 10:14:17-04:00,103296,103294.0,3.078517922743841
2025-05-17 10:14:27-04:00,103296,103294.66666666667,3.0587678040619637
2025-05-17 10:14:38-04:00,103296,103295.33333333333,2.8749176315109364
2025-05-17 10:14:48-04:00,103296,103296.0,2.4908924760162314
2025-05-17 10:16:18-04:00,103299,103296.5,2.42930340296855
2025-05-17 10:16:28-04:00,103299,103297.0,2.587850376061214
2025-05-17 10:16:38-04:00,103299,103297.5,2.5980761866537545
2025-05-17 10:16:48-04:00,103299,103298.0,2.4618297934678877
2025-05-17 10:16:58-04:00,103299,103298.5,2.1514617705038837
2025-05-17 10:17:09-04:00,103299,103299.0,1.566698862400606
2025-05-17 10:17:19-04:00,103301,103299.33333333333,1.7816403382719062
2025-05-17 10:17:29-04:00,103301,103299.66666666667,1.8748736985947692
2025-05-17 10:17:39-04:00,103301,103300.0,1.8647446467601563
2025-05-17 10:17:49-04:00,103301,103300.33333333333,1.749458753664174
2025-05-17 10:19:00-04:00,103308,103301.83333333333,2.8550858167930215
2025-05-17 10:19:03-04:00,103308,103303.33333333333,3.3257489276743173
2025-05-17 10:19:10-04:00,103308,103304.5,3.7769235343269587
2025-05-17 10:19:13-04:00,103309,103305.83333333333,4.158780399841799
2025-05-17 10:19:20-04:00,103309,103307.16666666667,4.3371195428439
2025-05-17 10:20:23-04:00,103311,103308.83333333333,4.56186430404431
2025-05-17 10:20:31-04:00,103311,103309.33333333333,4.541892529143334
2025-05-17 10:20:34-04:00,103311,103309.83333333333,4.27377483991098
2025-05-17 10:20:41-04:00,103311,103310.33333333333,4.055486353537799
2025-05-17 10:21:44-04:00,103311,103310.66666666667,3.621275497671649
2025-05-17 10:21:52-04:00,103311,103311.0,2.874917630331036
2025-05-17 10:21:54-04:00,103311,103311.0,1.378954320198495
2025-05-17 10:22:02-04:00,103311,103311.0,1.2673044115898275
2025-05-17 10:22:04-04:00,103311,103311.0,1.0836246073758031
2025-05-17 10:22:12-04:00,103315,103311.66666666667,1.4770978461305193
2025-05-17 10:23:15-04:00,103315,103312.33333333333,1.7320507686027977
2025-05-17 10:23:23-04:00,103320,103313.83333333333,2.8431203277324086
2025-05-17 10:23:25-04:00,103320,103315.33333333333,3.537675985653701
2025-05-17 10:23:33-04:00,103320,103316.83333333333,3.964807288342885
2025-05-17 10:24:36-04:00,103321,103318.5,4.33012700317812
2025-05-17 10:24:43-04:00,103321,103319.5,4.50168317171061
2025-05-17 10:24:46-04:00,103321,103320.5,4.501683171672652
2025-05-17 10:24:53-04:00,103321,103320.66666666667,4.33012700305771
2025-05-17 10:24:56-04:00,103321,103320.83333333333,3.964807288119926
2025-05-17 10:25:04-04:00,103321,103321.0,3.3427895964416856
2025-05-17 10:26:07-04:00,103319,103320.66666666667,2.2343733134684283
2025-05-17 10:26:14-04:00,103322,103320.83333333333,1.800673236228364
2025-05-17 10:26:17-04:00,103322,103321.0,0.8660253235229977
2025-05-17 10:26:24-04:00,103319,103320.66666666667,0.98473185726794
2025-05-17 10:26:27-04:00,103317,103320.0,1.443375624869645
2025-05-17 10:27:35-04:00,103315,103319.0,2.1320071310352438
2025-05-17 10:27:38-04:00,103317,103318.66666666667,2.269694916284559
2025-05-17 10:27:45-04:00,103315,103317.5,2.5878503740959555
2025-05-17 10:27:48-04:00,103315,103316.33333333333,2.77434128379224
2025-05-17 10:27:55-04:00,103317,103316.0,2.7080127760927217
2025-05-17 10:28:58-04:00,103315,103315.66666666667,2.724746279314804
2025-05-17 10:29:06-04:00,103315,103315.66666666667,2.6400183393952243
2025-05-17 10:29:08-04:00,103315,103315.33333333333,2.6628760680368377
2025-05-17 10:29:16-04:00,103315,103315.33333333333,2.1933093543119218
2025-05-17 10:29:19-04:00,103315,103315.33333333333,1.337115795759687
2025-05-17 10:29:26-04:00,103315,103315.0,0.9045339583117572
2025-05-17 10:30:29-04:00,103316,103315.16666666667,0.7929613750918637
2025-05-17 10:30:37-04:00,103316,103315.33333333333,0.7977239496970442
2025-05-17 10:30:39-04:00,103316,103315.5,0.6685578214101574
2025-05-17 10:30:47-04:00,103316,103315.66666666667,0.6741997612735924
2025-05-17 10:30:49-04:00,103316,103315.83333333333,0.6685578213467552
2025-05-17 10:31:58-04:00,103317,103316.16666666667,0.6685578213467552
2025-05-17 10:32:00-04:00,103317,103316.33333333333,0.753778270854299
2025-05-17 10:32:08-04:00,103317,103316.5,0.7929613749310428
2025-05-17 10:32:10-04:00,103317,103316.66666666667,0.7929613748759887
2025-05-17 10:32:18-04:00,103317,103316.83333333333,0.7537782706805514
2025-05-17 10:32:20-04:00,103317,103317.0,0.6685578210202633
2025-05-17 10:33:29-04:00,103319,103317.33333333333,0.8660253246246189
2025-05-17 10:33:31-04:00,103318,103317.5,0.9003365611822431
2025-05-17 10:33:39-04:00,103318,103317.66666666667,0.9003365611281224
2025-05-17 10:33:41-04:00,103318,103317.83333333333,0.866025324455824
2025-05-17 10:33:49-04:00,103319,103318.16666666667,0.9045339576985613
2025-05-17 10:34:52-04:00,103320,103318.66666666667,1.0298572342107577
2025-05-17 10:34:59-04:00,103320,103318.83333333333,1.164500093671511
2025-05-17 10:35:02-04:00,103320,103319.16666666667,1.2309148537180394
2025-05-17 10:35:10-04:00,103320,103319.5,1.2401123536536776
2025-05-17 10:35:12-04:00,103320,103319.83333333333,1.193416224918869
2025-05-17 10:35:20-04:00,103320,103320.0,1.083624605549709
2025-05-17 10:36:23-04:00,103320,103320.0,0.887625286503432
2025-05-17 10:36:30-04:00,103320,103320.0,0.9003365603579485
2025-05-17 10:36:33-04:00,103320,103320.0,0.792961373584171
2025-05-17 10:36:40-04:00,103318,103319.66666666667,0.792961373584171
2025-05-17 10:37:44-04:00,103318,103319.33333333333,0.792961373584171
2025-05-17 10:37:51-04:00,103316,103318.66666666667,1.3026778413459539
2025-05-17 10:37:54-04:00,103316,103318.0,1.5954480270534115
2025-05-17 10:38:01-04:00,103316,103317.33333333333,1.775250690269455
2025-05-17 10:38:04-04:00,103316,103316.66666666667,1.8748736963204786
2025-05-17 10:38:11-04:00,103316,103316.33333333333,1.906925142364652
2025-05-17 10:39:14-04:00,103314,103315.66666666667,2.11057937947864
2025-05-17 10:39:22-04:00,103314,103315.33333333333,2.1742291944786376
2025-05-17 10:39:25-04:00,103314,103315.0,2.110579379627974
2025-05-17 10:39:32-04:00,103314,103314.66666666667,1.906925142695217
2025-05-17 10:40:35-04:00,103312,103314.0,1.7752506908675276
2025-05-17 10:40:43-04:00,103308,103312.66666666667,2.576114031018475
2025-05-17 10:40:45-04:00,103308,103311.66666666667,2.9336087794771517
2025-05-17 10:40:53-04:00,103312,103311.33333333333,2.8709622267789423
2025-05-17 10:40:55-04:00,103308,103310.33333333333,3.113995755059415
2025-05-17 10:41:03-04:00,103312,103310.0,2.9336087796111032
2025-05-17 10:42:06-04:00,103308,103309.33333333333,2.9336087796740857
2025-05-17 10:42:14-04:00,103307,103309.16666666667,2.8749176304166637
2025-05-17 10:42:16-04:00,103307,103309.0,2.9024545286872603
2025-05-17 10:42:24-04:00,103307,103308.16666666667,2.8001623092396075
2025-05-17 10:42:26-04:00,103307,103308.0,2.5524794578303567
2025-05-17 10:43:34-04:00,103307,103307.16666666667,2.108783906610579
2025-05-17 10:43:37-04:00,103307,103307.0,1.850470829890683
2025-05-17 10:43:44-04:00,103309,103307.33333333333,1.8647446461270463
2025-05-17 10:43:47-04:00,103309,103307.66666666667,1.8748736979036953
2025-05-17 10:43:55-04:00,103309,103308.0,1.5050419871984675
2025-05-17 10:44:58-04:00,103309,103308.33333333333,1.5275251884554635
2025-05-17 10:45:05-04:00,103308,103308.5,0.9374367962709401
2025-05-17 10:45:08-04:00,103309,103308.83333333333,0.9962048537290901
2025-05-17 10:45:15-04:00,103308,103308.66666666667,0.9534625200888043
2025-05-17 10:45:18-04:00,103308,103308.5,0.9003365641162572
2025-05-17 10:45:25-04:00,103308,103308.33333333333,0.834847030900959
2025-05-17 10:46:29-04:00,103308,103308.16666666667,0.7537782738781532
2025-05-17 10:46:36-04:00,103308,103308.16666666667,0.6513388459058578
2025-05-17 10:46:39-04:00,103308,103308.0,0.5149285222738192
2025-05-17 10:46:46-04:00,103308,103308.0,0.49236582981264176
2025-05-17 10:46:49-04:00,103308,103308.0,0.4522668709213194
2025-05-17 10:47:57-04:00,103310,103308.33333333333,0.6513388459058577
2025-05-17 10:48:00-04:00,103310,103308.66666666667,0.7929613778018247
2025-05-17 10:48:07-04:00,103310,103309.0,0.9003365639643585
2025-05-17 10:48:10-04:00,103310,103309.33333333333,0.984731860689079
2025-05-17 10:48:17-04:00,103310,103309.66666666667,1.0298572368419665
2025-05-17 10:48:20-04:00,103310,103310.0,1.0444658723445448
2025-05-17 10:49:28-04:00,103313,103310.5,1.5050419869652514
2025-05-17 10:49:30-04:00,103313,103311.0,1.749458752807932
2025-05-17 10:49:38-04:00,103313,103311.5,1.8647446458523282
2025-05-17 10:49:41-04:00,103313,103312.0,1.8748736975855655
2025-05-17 10:49:48-04:00,103313,103312.5,1.7816403370972729
2025-05-17 10:50:51-04:00,103321,103314.33333333333,3.157482673850292
2025-05-17 10:50:59-04:00,103323,103316.0,4.351070908090367
2025-05-17 10:51:01-04:00,103323,103317.66666666667,5.033222943423533
2025-05-17 10:51:09-04:00,103321,103319.0,5.172040203286142
2025-05-17 10:51:11-04:00,103323,103320.66666666667,5.331439044770506
2025-05-17 10:51:19-04:00,103323,103322.33333333333,5.247654585737131
2025-05-17 10:52:22-04:00,103325,103323.0,5.104958954126704
2025-05-17 10:52:30-04:00,103325,103323.33333333333,5.069217844914589
2025-05-17 10:52:32-04:00,103325,103323.66666666667,4.811602125411221
2025-05-17 10:52:40-04:00,103325,103324.33333333333,4.292346943747933
2025-05-17 10:53:43-04:00,103331,103325.66666666667,4.130448634365479
2025-05-17 10:53:50-04:00,103331,103327.0,3.284490622252439
2025-05-17 10:53:53-04:00,103331,103328.0,3.529099788036121
2025-05-17 10:54:01-04:00,103336,103329.83333333333,4.541892528188356
2025-05-17 10:54:03-04:00,103336,103331.66666666667,5.122735997562145
2025-05-17 10:54:11-04:00,103336,103333.5,5.177895896819056
2025-05-17 10:55:14-04:00,103336,103334.33333333333,5.187397301753976
2025-05-17 10:55:21-04:00,103336,103335.16666666667,4.944387682370601
2025-05-17 10:55:24-04:00,103336,103336.0,4.729020640659595
2025-05-17 10:55:31-04:00,103336,103336.0,4.2949935451240835
2025-05-17 10:56:34-04:00,103337,103336.16666666667,3.6296339043283767
2025-05-17 10:56:42-04:00,103337,103336.33333333333,2.391588765741666
2025-05-17 10:56:45-04:00,103337,103336.5,2.1087839034506075
2025-05-17 10:56:52-04:00,103337,103336.66666666667,1.6213536730238134
2025-05-17 10:56:55-04:00,103337,103336.83333333333,0.5149285087738227
2025-05-17 10:57:02-04:00,103340,103337.5,1.13818030174695
2025-05-17 10:58:05-04:00,103341,103338.16666666667,1.6422452772303286
2025-05-17 10:58:13-04:00,103341,103338.83333333333,1.9286515556474835
2025-05-17 10:58:15-04:00,103341,103339.5,2.0889318363292637
2025-05-17 10:58:23-04:00,103341,103340.16666666667,2.1514617662810345
2025-05-17 10:58:26-04:00,103341,103340.83333333333,2.1248885542335803
2025-05-17 10:59:34-04:00,103349,103342.33333333333,3.4498572439606283
2025-05-17 10:59:36-04:00,103349,103343.66666666667,4.187825048824186
2025-05-17 10:59:44-04:00,103349,103345.0,4.581749021235247
2025-05-17 10:59:46-04:00,103349,103346.33333333333,4.718596334271471
2025-05-17 10:59:54-04:00,103349,103347.66666666667,4.621261781828568
2025-05-17 11:00:57-04:00,103347,103348.66666666667,4.136863088540336
2025-05-17 11:01:05-04:00,103349,103348.66666666667,4.01134752174346
2025-05-17 11:01:07-04:00,103349,103348.66666666667,3.857303167721244
2025-05-17 11:01:15-04:00,103349,103348.66666666667,3.563280727857785
2025-05-17 11:01:17-04:00,103349,103348.66666666667,3.089571878695895
2025-05-17 11:01:25-04:00,103349,103348.66666666667,2.32900027308727
2025-05-17 11:02:28-04:00,103351,103349.33333333333,0.852802775919816
2025-05-17 11:02:35-04:00,103351,103349.66666666667,1.0298572269290223
2025-05-17 11:02:38-04:00,103351,103350.0,1.1547004721968304
2025-05-17 11:02:46-04:00,103351,103350.33333333333,1.2431630595048608
2025-05-17 11:02:48-04:00,103351,103350.66666666667,1.3026778358196032
2025-05-17 11:03:56-04:00,103353,103351.33333333333,1.5954480224129448
2025-05-17 11:03:59-04:00,103353,103351.66666666667,1.5075566719675269
2025-05-17 11:04:06-04:00,103353,103352.0,1.5859228737300608
2025-05-17 11:04:09-04:00,103354,103352.5,1.7122552461139635
2025-05-17 11:04:16-04:00,103354,103353.0,1.7232808289662713
